1708 2938
603 171 784 211 Lmen
811 170 868 211 11.
926 172 964 212 1.
1321 151 1325 156 ι
1386 167 1441 210 95

136 295 300 346 Dives,
326 294 454 349 inops
469 302 494 342 ;“
510 292 700 340 Romae,
731 304 836 340 seu,
864 289 973 330 Fors
995 287 1058 329 ita
1078 285 1263 338 luserit,
1292 283 1440 334 exsul;

140 371 349 434 Quisquis
375 370 461 412 erit
477 369 608 420 vitae,
625 366 826 419 scribam,
845 365 980 408 color.
1007 363 1044 405 Ο
1063 379 1189 422 puer,
1202 374 1251 407 ut
1265 364 1324 417 sis
1388 365 1445 408 60

120 447 319 501 vualis,
346 457 516 496 metu03
546 455 591 487 et
609 446 818 488 maiorum
834 459 895 496 ne¹
910 445 1008 505 quio
1027 444 1190 485 amicus

136 528 318 583 Frigore
337 537 382 569 te
410 527 555 567 feriat.
586 503 703 587 Quid
721 524 741 563 ’ἓ
770 538 904 581 quum
918 509 985 566 est
1005 522 1201 564 Lucilius
1227 535 1353 562 ausus

135 604 310 645 Primus
333 603 379 643 in
402 603 515 644 hunc
536 601 680 658 operis
702 615 962 657 componere
987 601 1181 641 carmina
1212 611 1400 647 morem;
1449 640 1450 643 ,

136 680 384 723 Detrahere
407 690 452 722 et
475 679 664 737 pellem,
693 678 858 720 nitidus
882 666 966 735 qua
983 680 1170 735 quisque
1194 692 1276 734 per
1302 691 1377 718 ora

138 754 350 806 Cederet,
378 755 612 797 introrsum
634 755 802 811 turpis3
835 770 936 797 num
960 755 1158 805 Laelius,
1185 764 1230 796 et
1251 754 1329 809 qui
1393 751 1447 798 65

136 834 276 875 Duxit
309 831 366 873 ab
391 845 595 889 oppressa
618 833 821 874 meritum
846 833 1106 887 Carthagine
1129 830 1284 873 nomen
1299 859 1314 881 ,

143 910 324 965 Ingenio
353 908 536 952 offensi?
561 919 635 951 aut
654 908 773 950 laeso
794 908 976 950 doluere
999 907 1220 950 Metello?
1260 930 1262 932 v

137 987 418 1044 Famosisque
448 988 573 1043 Lupo
593 997 801 1042 cooperto
827 985 1055 1028 versibus?
1083 986 1224 1046 quui

141 1047 358 1104 Primores
380 1063 533 1120 populi
559 1064 771 1120 arripuit,
799 1063 1100 1120 populumque
1127 1061 1351 1104 tributim:

139 1140 319 1182 Scilicet
347 1141 425 1182 uni
450 1155 614 1196 aequus
639 1140 816 1190 virtuti,
843 1149 973 1195 atque
1003 1140 1095 1180 eius
1125 1139 1308 1180 amicis.·
1400 1139 1455 1180 70

143 1219 260 1279 Quin
281 1201 359 1258 ubi
381 1232 428 1259 se
451 1232 475 1257 a
495 1217 650 1272 vulgo,
678 1228 722 1258 et
747 1232 926 1268 scaena,
958 1218 1002 1258 in
1031 1227 1202 1258 secreta
1229 1206 1454 1258 remorant

140 1295 289 1338 Virtus
314 1293 568 1351 Scipiadae,
598 1305 642 1336 et
663 1295 779 1336 mitis
799 1295 1014 1351 sapientia
1037 1293 1164 1336 Laeli
1173 1309 1187 1344 ;

230 1417 278 1457 59
301 1416 319 1436 ⁹
341 1417 404 1452 ita
427 1415 570 1452 luserit
590 1416 638 1452 V.
661 1417 712 1451 A.
734 1417 782 1452 ab
803 1417 940 1451 eadem
963 1427 1081 1452 manu
1099 1417 1134 1452 in
1158 1417 1354 1462 margine,
1379 1415 1454 1453 Ch.

142 1477 192 1514 A.
219 1487 239 1512 a
264 1485 297 1513 1.
321 1487 373 1513 m.
398 1476 470 1512 Ba.
497 1481 544 1512 A.
573 1488 594 1512 a
619 1482 649 1512 1·
674 1488 728 1512 m.
764 1477 931 1512 lusserit
960 1476 1009 1512 V.
1045 1476 1090 1512 C.
1121 1475 1290 1521 Egregia
1320 1476 1452 1520 lectio,

137 1536 336 1583 paullatim
360 1545 546 1582 corrupta
571 1538 607 1572 in
629 1536 817 1586 lanera,
842 1536 979 1570 deinde
1003 1536 1039 1570 in
1059 1535 1253 1579 vulgatam
1273 1536 1452 1572 iusserit.

141 1595 195 1632 Et
235 1597 442 1638 eleganter
470 1606 583 1630 more
616 1595 830 1630 Horatiano
855 1595 905 1630 ΙΙ.
929 1595 992 1630 od·
1018 1599 1048 1630 1.
1071 1597 1104 1630 3.
1127 1595 1201 1631 ΙΙΙ.
1226 1596 1290 1632 od.
1316 1599 1369 1634 29.
1393 1599 1452 1632 50.

140 1655 240 1690 infra
263 1662 334 1690 sat.
347 1658 378 1690 8.
398 1656 454 1689 62.
479 1655 570 1690 Sen.
596 1656 706 1701 epist.
731 1652 814 1691 74:
845 1656 966 1691 Hanc
983 1655 1208 1704 imayinem
1223 1657 1364 1692 animo
1386 1661 1456 1692 tuo

136 1725 349 1760 propone,
372 1714 488 1750 ludos
497 1713 653 1759 facere
666 1715 895 1750 Fortunam
905 1729 926 1758 ;
953 1721 990 1750 et
1006 1717 1051 1751 in
1074 1715 1183 1751 hunc
1213 1716 1455 1767 mortalium

141 1779 296 1810 coetum
315 1773 512 1818 honores,
537 1774 725 1818 divitias,
756 1775 944 1822 qratiam
977 1781 1179 1812 excutere.
1225 1775 1388 1812 Pon-on.
1415 1789 1452 1814 c.

139 1838 222 1870 ua
273 1834 308 1869 0
334 1834 467 1869 lusum
503 1834 712 1870 Fortunae
749 1836 1009 1872 mirabzlem!
1059 1837 1104 1871 65
1133 1848 1217 1872 non
1253 1837 1451 1883 Laelius,

140 1904 234 1930 mse.
266 1894 365 1940 apud
400 1894 528 1929 Pulm.
561 1894 738 1939 Combe3
773 1904 809 1930 et
846 1896 924 1931 Iac.
949 1896 1131 1932 Cuiacius
1160 1897 1335 1934 observ.
1360 1898 1450 1934 ΧΠ.

138 1957 195 1992 18.
248 1953 292 1989 6⁵
317 1958 355 1988 et
379 1955 448 2002 qui
483 1955 526 1990 V.
553 1957 602 1990 A.
629 1955 674 1991 C.
708 1956 776 1991 Vr.
803 1957 853 1990 A.
882 1956 941 1999 L,
975 1957 1034 1992 alii
1073 1967 1168 1994 mss,
1201 1958 1301 2005 apud
1323 1958 1445 1994 Torr.

139 2015 288 2058 Bentl.,
312 2014 479 2060 Oberl.;
510 2016 649 2062 probat
674 2015 795 2051 ssenu.
812 2043 825 2060 ,
855 2016 942 2051 inde
967 2016 1086 2053 Baxt.
1117 2018 1217 2055 Cun.
1249 2018 1336 2055 San.
1366 2018 1451 2056 val.

140 2074 267 2111 Gesn.
295 2074 435 2117 Oberl.
460 2075 630 2120 Combe,
655 2076 811 2112 VVakef.
836 2077 900 2112 Al.
922 2082 995 2112 aut
1020 2078 1104 2125 qui.

226 2141 270 2176 68
292 2141 530 2178 Famosisve
553 2142 653 2177 Cun.
679 2143 768 2179 San.
824 2145 861 2179 71
889 2154 1059 2180 scaena.
1103 2143 1170 2179 De
1204 2142 1280 2180 hac
1308 2144 1452 2181 ortho-

138 2201 300 2248 graphia
324 2203 414 2237 satis
438 2203 584 2238 dictum
604 2215 626 2238 a
648 2203 854 2253 Manutio,
879 2210 916 2238 et
939 2203 1080 2240 Harles
1103 2204 1149 2239 ad
1185 2203 1328 2241 Cellar.
1366 2205 1452 2242 Or-

139 2262 269 2307 thogr.
295 2261 376 2297 Lat.
405 2262 445 2297 h.
475 2274 512 2299 v.
536 2263 625 2300 edit.
649 2264 805 2299 Altenb.
830 2260 930 2300 1768.
957 2270 984 2301 t.
1011 2270 1040 2301 1.
1069 2278 1104 2312 p.
1129 2267 1228 2310 350„
1250 2272 1289 2300 et
1316 2277 1337 2301 a
1355 2264 1450 2302 No-

140 2323 232 2358 risio
256 2322 396 2359 Cenot.
421 2323 504 2359 Pis.
529 2323 639 2360 Diss.
664 2322 697 2361 4.
722 2336 760 2361 c.
783 2324 833 2368 6.‚
857 2331 895 2359 et
918 2331 1006 2372 post
1040 2324 1182 2362 Cellar.
1214 2325 1278 2361 cit.
1303 2331 1329 2361 t.
1354 2328 1387 2360 2.
1411 2337 1448 2372 p.

139 2384 219 2420 278.
242 2383 369 2418 Unam
396 2384 532 2418 addam
550 2384 867 2420 Museivaticani
890 2385 1182 2431 inscriptionem
1206 2386 1244 2421 in
1268 2396 1447 2421 marmo-

140 2453 207 2486 re,
230 2443 267 2478 in
291 2454 368 2489 qua
392 2441 773 2481 SCAENARtvM.
819 2444 913 2479 Inde
938 2443 1173 2482 obscaenus.
1218 2445 1303 2482 vid.
1329 2445 1448 2491 epod.

139 2505 175 2538 ⁵.
199 2505 257 2541 98.
281 2504 347 2549 Al.
380 2515 536 2547 scena,
570 2516 731 2541 scaena.
785 2507 832 2542 72
865 2503 1096 2551 Scipiadae.
1140 2505 1308 2542 Publius
1343 2506 1447 2542 Cor-

140 2563 265 2599 nelius
296 2564 426 2612 Scipio
459 2565 666 2602 Africanus
698 2564 964 2610 Aemilianus,
997 2566 1044 2601 de
1068 2577 1150 2613 quo
1173 2565 1261 2602 vide
1284 2565 1353 2601 IV.
1379 2565 1445 2603 od.

141 2624 176 2661 8.
199 2623 253 2661 17.
