1708 2938
702 55 711 71 ὓ

255 149 308 192 44
439 177 445 184 .
628 172 637 179 1
700 143 1108 178 ANNOTATIONES

255 257 335 293 Vid.
360 255 457 294 Clav.
483 257 557 294 Cic.
610 259 746 295 Urnam.
785 254 1044 291 IdemSchola
1094 251 1259 298 „Ui-nam
1282 262 1442 298 reorum,
1466 253 1491 286 i.
1513 262 1546 287 e.

257 321 543 366 damnationem,
579 319 664 367 quia
700 313 769 367 pro
793 323 889 353 sorte
902 343 913 363 ‚
949 329 1040 365 quae
1075 310 1255 359 acciderat
1269 341 1279 361 ,
1315 315 1553 352 damnabatur

253 384 310 419 vel
332 385 583 420 absolvebatur
606 384 733 427 reus,“
754 389 822 418 etc.
869 372 996 418 Fiebat
1019 382 1089 418 hoe
1121 393 1143 416 a
1166 380 1342 425 judicibus
1363 379 1488 426 juratis
1511 390 1554 414 ex

252 446 329 493 lege
355 447 550 491 tabellaria,
576 447 647 490 lata
670 457 702 483 a,
728 446 771 480 U.
797 445 838 481 C.
865 448 943 491 617.
991 444 1054 482 Sil.
1079 444 1157 480 Ital.
1183 452 1218 489 9,
1244 450 1323 487 27.:

464 546 551 553 ———-
599 525 815 561 Meruerunt
839 525 942 571 talia,
977 526 1039 574 qui
1062 532 1098 560 te

410 589 565 638 Legibus
589 594 695 636 atque
719 600 833 624 urnae
857 588 937 625 dira
960 589 1129 637 eripuere
1152 584 1333 624 minanti?

320 676 376 716 48.
401 669 458 704 De
482 667 625 705 Albutio
650 668 695 705 ef.
720 679 755 714 2,
781 672 838 714 67.
864 681 947 705 cum
969 668 1234 717 Porphyrionis
1254 663 1402 718 scholio,
1426 663 1466 699 in
1477 673 1551 712 quo

247 723 353 768 &snex
376 729 511 767 dicitur
541 737 577 766 et
599 731 740 780 elegans
774 731 1003 768 convivator.
1065 731 1257 769 Canidiam
1290 726 1484 769 veneficam
1517 728 1553 762 et

249 794 458 840 moecham,
492 806 583 843 quae
618 807 717 831 senes
741 802 963 840 sectaretur,
1005 801 1046 831 ut
1080 794 1247 830 barbatos
1282 791 1388 827 s'enex
1415 788 1553 825 Stalino

250 856 348 904 apud
371 856 538 892 Plautum
562 857 640 893 Cas.
666 864 759 904 345„
794 871 836 893 ex
858 859 976 906 epodo
1003 865 1034 903 5.
1060 857 1209 905 aliisque
1232 866 1306 891 non
1329 852 1454 901 paucis
1469 855 1551 901 pol?-

249 925 307 954 tae
331 917 420 954 locis
441 918 632 967 novimus3
668 919 866 957 veneficum
891 928 1012 957 autem
1048 920 1154 956 fuisse
1179 914 1297 967 ipsum
1331 912 1552 965 quoque'Al-

248 982 411 1028 butium,
455 996 573 1034 neque
607 986 642 1020 h.
668 985 707 1020 l.'
727 997 843 1034 neque
878 995 913 1029 2,
949 987 1004 1031 62.
1041 983 1300 1019 affirmantibus
1334 979 1552 1016 crediderim

245 1044 444 1081 ucholiastis
468 1046 661 1091 veteribus,
699 1053 839 1083 tacente
861 1045 1078 1096 praesertim
1099 1043 1370 1092 incorruptiore
1395 1041 1551 1091 Cruquii,

246 1115 552 1154 commentatore3
588 1108 649 1149 sed
683 1109 854 1162 iuoechus
890 1108 980 1154 fuit,
1016 1121 1089 1157 quo
1119 1115 1290 1155 tanquam
1325 1105 1456 1142 marito
1486 1105 1550 1141 Ca-

247 1170 353 1206 nidia·
372 1177 560 1215 uteretur,
593 1170 690 1206 unde
714 1183 781 1218 per
804 1170 1000 1212 ridiculum
1023 1172 1153 1207 Noster
1177 1182 1255 1206 eam
1280 1169 1368 1205 dicit
1391 1168 1546 1214 Albutii,

248 1234 284 1269 h.
310 1246 340 1268 e.
366 1232 499 1268 Albutii
524 1245 687 1278 uxorem,
721 1236 823 1281 quasi
847 1249 941 1272 uxor
965 1237 1118 1273 dicenda
1141 1236 1272 1272 mulier
1295 1235 1341 1270 sit
1364 1235 1450 1280 ejus,
1475 1232 1551 1281 qui-

247 1307 330 1330 cum
356 1293 517 1342 quotidie
540 1303 619 1328 rem
643 1295 780 1330 habeat.
831 1297 947 1345 Quem
966 1301 1086 1343 jocum
1107 1311 1181 1334 non
1203 1297 1384 1345 capientes
1402 1295 1549 1332 scholia-

244 1364 318 1393 stae
342 1369 463 1391 senem
498 1356 705 1405 turpissima
736 1360 878 1396 macula
905 1367 1195 1408 consperserunt.
1232 1360 1311 1395 Vid.
1336 1360 1382 1394 ad
1404 1369 1439 1404 2,
1466 1362 1522 1404 67.

313 1430 370 1467 49.
396 1420 516 1455 Schol.
542 1420 677 1469 Cruq.:
716 1422 786 1466 „C.
810 1412 1165 1466 Marcium-Turium
1184 1422 1369 1472 significat,
1393 1421 1551 1467 judicem

244 1482 580 1532 corruptissimum,
616 1484 678 1532 qui
703 1492 850 1532 accepta
873 1487 1027 1534 pecunia
1049 1473 1118 1534 pro
1143 1473 1479 1533 reispronunciare
1503 1485 1549 1520 sit

244 1547 410 1584 solitus.“
457 1546 553 1582 Alios
577 1547 708 1582 'Furios
733 1557 1033 1585 commemoratos
1057 1549 1139 1585 vide
1164 1549 1261 1597 apud
1280 1547 1487 1584 Ernestium
1509 1546 1548 1584 in

243 1612 281 1647 in
307 1610 407 1648 Clavi
433 1610 507 1646 Cic.
564 1617 618 1654 52.
645 1611 704 1646 Sic
728 1610 1080 1661 interpungendum:
1527 1608 1530 1611 ἢ

401 1692 520 1730 Dente
545 1692 663 1739 lupus,
699 1704 815 1730 cornu
838 1693 994 1738 taut-uss
1013 1682 1245 1741 petit'unde,'
1269 1689 1339 1725 nisi
1361 1689 1458 1726 intus

402 1753 674 1790 monstratum?

242 1835 285 1871 H.
311 1846 363 1870 e.:
402 1833 508 1868 Unde
531 1833 636 1868 dente
660 1833 749 1881 petit
773 1834 892 1881 lupus,
919 1845 1037 1869 cornu
1058 1839 1205 1877 taurus,
1231 1830 1299 1868 nisi
1322 1830 1419 1867 intus
1443 1841 1541 1867 mon-

243 1903 396 1933 stratum
419 1894 498 1932 est?
545 1896 738 1934 Falluntur
760 1903 796 1932 et
818 1896 958 1940 fallunt⁷
992 1894 1054 1943 qui
1078 1894 1193 1930 aliter.
1242 1896 1474 1931 Monstratum
1488 1902 1547 1940 est,

241 1957 341 2004 quod
375 1956 507 2004 legitur
540 1957 579 1993 in
604 1958 744 1994 duobus
767 1959 860 1994 Feae
892 1956 1075 1995 codicibus
1088 1982 1099 2001 ,
1138 1956 1182 1992 ab
1206 1948 1404 2003 interprete
1430 1956 1549 2004 profe·
1603 1967 1606 1968 ’

241 2028 339 2059 ctum
363 2027 425 2055 est.
474 2020 581 2055 Certe
605 2008 720 2068 ellipsi
743 2021 845 2058 verbi
863 2021 1072 2057 substantivi
1087 2020 1177 2058 nihil
1188 2021 1367 2060 usitatius,
1415 2028 1470 2067 54.
1487 2022 1540 2058 Ne

240 2083 300 2120 hic
325 2082 472 2130 quidem
496 2089 593 2119 recte
617 2082 899 2131 interpungitur.
953 2083 1192 2120 Scribendum
1215 2096 1291 2119 uno
1314 2091 1462 2121 tenore:
1496 2090 1547 2124 nil
1589 2091 1592 2094 ’

231 2151 351 2196 faciet
372 2151 501 2185 sceleris
519 2153 577 2195 pia
601 2151 734 2185 dextera
757 2152 892 2193 mirum,
933 2151 980 2186 Ut
1002 2161 1101 2195 neque
1123 2154 1189 2183 etc.
1214 2152 1264 2185 nil
1283 2152 1405 2186 mirum
1418 2146 1547 2187 sceui-i:

188 2216 193 2220 ‘
240 2223 311 2259 pro
335 2223 392 2255 eo,
428 2211 527 2258 quod
550 2217 603 2245 est
624 2214 674 2247 nil
696 2214 778 2247 miri
798 2214 927 2248 sceleris
954 2221 1021 2257 per
1042 2210 1268 2258 hypallagen.
1317 2211 1397 2246 Non
1413 2211 1546 2249 mirum

237 2280 302 2312 aut
325 2285 461 2312 novum
484 2272 622 2309 facinus
646 2272 846 2308 committet
869 2273 930 2320 pia
955 2272 1088 2308 scilieet
1112 2273 1165 2313 (h.
1193 2285 1225 2307 e.
1250 2273 1380 2321 impia)
1416 2286 1544 2313 manus

238 2337 412 2382 Scaevae,
449 2338 753 2384 quemadmodum
777 2350 843 2373 neo
868 2339 965 2373 calce
989 2348 1204 2386 quemquam
1227 2337 1334 2384 lupus
1349 2337 1459 2384 petit,
1485 2351 1544 2379 ne-

237 2412 308 2448 que
330 2400 396 2438 bos
420 2398 549 2443 dente3
586 2398 649 2451 sed
671 2398 749 2445 ipsa
771 2399 909 2437 Natura
932 2401 1044 2444 duce,
1071 2411 1168 2447 ,quae
1192 2399 1358 2436 timidum
1382 2413 1466 2440 eum
1491 2409 1540 2441 at-

238 2475 309 2509 que
332 2461 614 2500 dissimulantem
636 2461 748 2507 finxit,
785 2470 821 2498 et
843 2463 903 2499 cui
927 2470 1096 2512 tanquam
1119 2473 1188 2509 per
1210 2461 1389 2508 pietatem&
1407 2463 1540 2504 obtem-

235 2532 362 2572 perat,
398 2536 537 2561 veneno
561 2523 744 2571 extinguet
776 2530 938 2560 matrem.
998 2524 1107 2574 Quod
1140 2536 1249 2572 quam
1272 2526 1395 2561 amara
1425 2526 1534 2582 εἰρω,

237 2593 323 2645 νείρε
349 2592 484 2631 dictum
508 2591 573 2636 sit,
598 2602 706 2629 nemo,
730 2589 1013 2639 non'persentit.
1056 2591 1179 2627 Schol.
1204 2590 1338 2637 Cruqa
1376 2589 1536 2646 „Scaeva
