1708 2938
639 185 826 224 Lmen
852 184 908 224 11.
965 183 1004 227 4.
1245 231 1250 237 ,
1402 155 1482 228 *151
1517 212 1524 217 κ

90 338 95 346 ·
113 363 116 367 .
168 312 268 355 Non
291 311 407 365 alia,
434 327 564 372 quam
583 326 668 370 qua
687 312 902 369 Byzantia
923 312 1070 369 putuit
1096 316 1212 353 orca.

167 389 261 431 Hoc
284 387 362 432 ubi
378 391 604 432 confusum
621 389 753 437 sectis
778 386 992 430 inferbuit
1021 387 1171 429 herbis
1188 416 1203 439 ,

169 465 444 522 Corycioque
473 449 602 510 croco*
624 479 823 522 sparsum
852 464 999 514 stetit3
1031 465 1210 520 insuper
1230 461 1367 505 addes.

166 543 321 585 Pressa
343 544 615 597 Venafranae
635 541 755 599 quod
778 542 912 583 bacca
939 542 1114 583 remisit
1133 540 1290 602 olivae.

166 620 340 663 Picenis
366 620 526 664 cedunt
550 621 692 678 pomis
715 619 916 663 Tiburtia
937 634 1090 663 succo:
1427 618 1481 660 70

165 696 414 741 Namfacie
433 705 670 754 praestant.
729 697 954 740 Venucula
977 696 1180 738 convenit
1204 695 1330 738 ollis:

164 773 346 816 Rectius
373 767 589 814 Albanam
614 775 743 816 fumo.
758 772 981 816 duraveris
1006 789 1148 816 uvam.

163 853 286 893 Hanc
311 866 390 907 ego
413 865 511 897 cum
541 851 693 902 malis3
723 867 804 906 ego
828 854 995 893 faecem
1021 852 1216 907 primus,
1255 859 1300 892 et
1323 843 1478 899 halem>

163 928 335 972 Primus
355 939 400 972 et
424 929 625 970 invenior
645 930 774 985 piper
796 927 942 970 album
960 957 973 979 ‚
1005 943 1103 970 cum
1127 927 1216 970 sale
1235 931 1362 984 nigro

162 998 410 1058 lncret'ux'n,
435 1006 560 1063 puris
584 1006 951 1062 circumposuisse
974 1005 1152 1048 catillis.
1310 1016 1314 1024 ‘
1425 1003 1479 1046 75

162 1131 258 1168 infra
291 1139 361 1168 sat.
391 1136 425 1170 8.
462 1132 547 1178 40„
582 1141 782 1181 tamquam
822 1135 1023 1171 conditura
1057 1135 1279 1181 praecipua.
1324 1133 1481 1180 Pingui

158 1191 281 1241 ,alitql
299 1193 388 1230 Val.
416 1203 469 1229 ex
501 1195 683 1239 ingenio,
712 1195 871 1230 inscite:
919 1195 1040 1231 aliud
1057 1196 1120 1230 ius
1151 1206 1227 1230 non
1263 1195 1450 1236 miscetur
1465 1198 1481 1237 ς’,

159 1254 229 1291 sed
258 1265 311 1290 ex
351 1255 524 1293 mixtura
554 1253 772 1292 obtinetur:
808 1250 913 1301 quod
948 1262 985 1290 et
1007 1256 1077 1301 ipsi
1105 1254 1283 1290 Bentleio
1305 1258 1388 1288 erat
1410 1252 1480 1286 ad-

160 1313 412 1352 ven-neudum.
455 1313 502 1351 66
518 1315 655 1362 putuit
675 1315 724 1352 V.
749 1316 798 1349 A.
822 1313 878 1351 D.
905 1315 936 1351 1.
963 1315 1027 1350 Μ.
1053 1314 1106 1351 Ν.
1131 1315 1200 1350 Vr.
1226 1316 1273 1349 A.
1300 1313 1346 1349 C.
1370 1312 1409 1348 F.
1425 1312 1479 1348 G.
1541 1341 1546 1345 ,

160 1373 217 1411 H:
230 1374 261 1412 1.
284 1374 337 1413 K.
360 1374 436 1422 Vp.
467 1375 519 1411 A.
546 1374 591 1411 C.
624 1375 700 1425 Ch.
728 1375 774 1411 A.
801 1374 846 1411 Β.
871 1377 947 1410 An.
969 1375 1019 1410 B.
1043 1375 1113 1411 Va.
1141 1375 1189 1411 C.
1213 1374 1284 1411 Ba.
1307 1374 1357 1410 A.
1373 1400 1387 1419 ‚
1405 1373 1479 1409 ,alii

160 1443 257 1470 mss.
294 1434 396 1480 apud
423 1434 556 1471 Pulm.
589 1435 739 1481 Torr.‚
775 1435 865 1472 edit.
900 1435 1032 1472 Princ.
1058 1435 1180 1470 Aldus
1208 1438 1306 1470 1501.
1333 1433 1441 1479 Cruq
1467 1443 1478 1474 ;

159 1495 325 1532 restituit
343 1495 489 1540 Bentl„
512 1495 602 1531 inde
627 1496 727 1531 Cun.
751 1495 868 1546 Baxt.
895 1496 984 1531 San.
1006 1496 1106 1531 Batt.
1130 1496 1235 1532 Phil.
1255 1493 1479 1532 Gesn.Val.

159 1555 301 1593 oberl.
323 1555 479 1592 Combe
495 1582 507 1599 ,
529 1555 688 1591 Wakef.
733 1555 878 1592 Putuic
898 1558 1014 1591 etiam
1037 1557 1129 1601 legit
1148 1556 1300 1606 Nestor
1322 1555 1480 1599 Diony·

158 1615 240 1651 sius
258 1615 297 1650 in
323 1614 474 1651 Lexico
495 1626 532 1650 v.
556 1614 715 1658 Orcus,
740 1621 778 1649 et
802 1613 945 1650 Puteo.
998 1615 1109 1650 Orca
1139 1620 1221 1650 erat
1249 1609 1318 1650 ras
1349 1613 1481 1658 fictile,

156 1675 197 1710 in
222 1685 305 1722 quo
324 1674 558 1713 salsamenta
579 1673 906 1710 adservabantur:
932 1674 1155 1722 Byzantia
1169 1702 1180 1719 ,
1214 1674 1302 1721 quia
1321 1667 1483 1720 Byzan-

159 1734 215 1771 tio
239 1735 424 1780 advecta;
451 1740 490 1770 et
507 1746 608 1781 quae
630 1734 758 1770 muria
781 1733 942 1769 odorata
966 1740 1060 1771 erat.
1106 1734 1372 1781 Periphrasis,
1407 1739 1479 1780 pro

159 1795 307 1840 muria,
342 1805 443 1842 quae
473 1795 743 1831 advehebatur
771 1794 958 1842 Byzantio
994 1795 1030 1830 in
1067 1806 1186 1840 orca3
1218 1795 1305 1842 quia
1326 1794 1480 1846 ssmnni,

159 1855 225 1903 qui
243 1855 368 1892 muria
395 1856 760 1903 conservabantur,
785 1857 835 1892 ibi
869 1858 1002 1903 optimi
1027 1862 1148 1892 erant.
1198 1856 1270 1890 Alii
1289 1865 1381 1891 mss.
1403 1867 1479 1890 no-

158 1917 255 1961 stri,
288 1921 327 1952 et
350 1916 543 1962 aliorum,
584 1923 621 1952 et
654 1917 844 1963 plurimae
873 1918 1061 1953 editiones
1085 1924 1165 1952 tum
1191 1923 1372 1961 veteres,
1396 1923 1480 1951 tum

156 1977 419 2022 recentiores,
454 1977 602 2012 habent
634 1987 759 2026 quae,
787 1978 848 2012 vel
871 1989 952 2024 qua
976 1980 1165 2023 junruit,-
1191 1988 1330 2022 nempe
1360 1988 1478 2021 orca,

158 2038 276 2085 piscis
293 2064 305 2082 ,
331 2048 432 2084 quae
450 2039 611 2084 putruit
615 2053 636 2081 ,·
661 2049 729 2073 seu
747 2038 886 2074 muria
899 2066 909 2081 ‚
935 2032 1039 2083 quae
1050 2040 1210 2082 putruit
1226 2049 1338 2073 orca.
1358 2038 1481 2086 Quod

159 2108 278 2144 quam
307 2097 356 2134 sit
374 2097 588 2133 absurdum
604 2125 615 2143 ,
640 2105 742 2145 patet
763 2099 825 2133 vel
846 2098 968 2144 prima
991 2099 1145 2137 fronte;
1171 2098 1258 2143 quia
1291 2098 1417 2143 pisces
1434 2109 1479 2133 ea

160 2160 208 2193 de
235 2169 354 2194 causa
379 2159 483 2202 sale,
514 2170 584 2194 seu
618 2159 743 2194 muria
771 2159 1080 2201 condiebantur,
1106 2169 1153 2193 ne
1195 2164 1478 2204 putrescerent.

159 2220 346 2268 Quinctii.
364 2219 484 2256 Instit.
508 2220 622 2257 Orat.
640 2219 747 2255 VllI.
775 2222 833 2254 2.:
870 2220 960 2255 Nec
996 2220 1135 2264 video,
1172 2230 1299 2266 quare
1333 2223 1480 2254 orator

155 2281 328 2318 duratos
365 2281 521 2317 muria
555 2282 691 2328 pisces
729 2280 899 2317 nitidius
940 2292 1025 2318 esse
1059 2280 1279 2318 crediderit
1287 2294 1308 2322 ,·
1355 2290 1478 2327 quam

157 2341 292 2388 ipsum
309 2340 375 2385 id,
400 2340 510 2389 quod
528 2339 693 2376 vitabat.
1198 2365 1203 2371 .
1298 2332 1314 2352 ⁸

246 2407 290 2444 70
310 2405 490 2442 Picenis.
513 2405 611 2444 Vide
634 2417 751 2454 supra
777 2411 846 2442 sat.
872 2409 906 2442 3.
930 2407 1007 2444 272.
1064 2407 1107 2443 72
1136 2406 1374 2450 Venae-ala,
1409 2418 1476 2441 ve-

157 2464 327 2511 necula,
349 2466 596 2511 venuncula,
629 2466 909 2513 vmnzmcula,
942 2466 1180 2503 vernacula.
1226 2466 1376 2501 Eadem
1405 2471 1475 2501 va·-

158 2525 274 2562 rietas
304 2526 404 2573 apud
432 2525 534 2564 Plin.
561 2527 611 2562 H.
636 2526 692 2564 N.
716 2527 829 2565 XIV.
852 2529 888 2562 2.
923 2530 958 2564 5.
1017 2528 1060 2565 72
1086 2528 1106 2550 *
1130 2526 1331 2563 Albinam
1365 2526 1410 2561 V.
1447 2527 1476 2562 1.

162 2585 424 2623 induraveris
447 2587 521 2634 Vp.
547 2587 594 2623 C.

248 2652 294 2691 73
315 2651 447 2689 halec.
471 2643 556 2689 Vid.
583 2653 681 2689 infra
705 2659 774 2689 sat.
798 2636 832 2690 8⁸.
857 2656 890 2694 9.
917 2653 1037 2700 [Bod.
1064 2653 1186 2701 alec]
1232 2651 1274 2690 74
1297 2653 1442 2689 inveni.
