1708 2938
331 36 341 55 ἰ

271 78 301 89 ς

244 138 329 183 190
575 172 578 176 ,
682 120 1102 174 aN'No'rAnonss

232 249 351 286 Roma
372 247 514 295 pulsum
536 247 575 282 in
599 247 804 283 Tusculano
821 245 916 290 diem
937 245 1080 283 obiisse.
1150 231 1206 290 18.
1225 246 1412 289 'cuminum
1457 246 1551 285 Sela..-

235 312 321 348 Cn:
360 313 444 358 quod
457 320 605 358 potatum
624 313 761 358 pallidos
777 312 885 348 reddit
910 313 1064 347 homines.
1121 318 1179 355 24.
1208 309 1370 355 Ostendi,
1386 311 1546 362 ἔδειξα,

235 372 411 422 tanquam
435 375 618 422 mysteria,
647 374 777 421 quihus
809 373 939 408 similes
957 375 1150 410 Musarum
1178 382 1284 410 artes.
1337 375 1416 410 vid.
1439 375 1544 411 Eich-

235 439 325 475 stad.
358 438 403 474 ad
431 437 638 473 Oinmeren.
700 444 757 480 25.
784 440 913 483 Parios.
958 423 1196 473 Archilochus
1226 436 1275 473 in>
1306 439 1423 473 insula
1451 437 1544 472 Paro

234 503 360 540 floruit
380 502 480 537 circa
504 500 648 546 Olymp.
671 507 728 542 29.
783 507 839 542 25.
865 499 999 534 Medos
1018 506 1158 536 tantum
1183 504 1256 547 ejus
1278 509 1314 537 et
1337 505 1452 537 artem
1471 494 1546 549 cus·

237 566 346 603 minis
369 563 548 598 imitatum
569 575 604 597 se
628 574 703 597 esse
731 562 821 617 dicit
843 563 945 607 Hor.,
973 574 1048 597 non
1072 575 1130 598 res
1153 563 1238 598 item
1264 562 1488 611 expressisse,
1511 561 1555 596 eb
1599 566 1605 576 ·’

232 631 272 666 in
295 628 506 676 Lycamben
528 626 756 670 desaeviisse,
791 633 964 672 tanquam
982 625 1230 672 interpretem.
1278 631 1336 666 28.
1361 629 1544 672 Temperat.

232 692 355 740 Regit,
381 689 538 733 adhibet,
563 687 682 724 utitur
707 689 761 722 eti.
797 688 877 722 Sch.
899 688 982 723 Cn:
1007 693 1132 733 miscet,
1158 687 1256 734 quod
1278 687 1396 722 minus
1409 693 1544 734 aptum.

232 761 386 795 masculu-
413 754 542 799 virilis,
591 753 705 788 fortis.
764 754 792 787 A
825 752 978 788 crimine
1006 751 1275 799 impudicitiae,
1310 750 1545 797 quod‘ssaxt.

232 819 368 867 aliique
393 824 556 865 crepant,
583 817 814 863 Sapphonem
846 828 965 862 nuper
989 816 1026 850 in
1059 815 1239 863 peculiari
1269 816 1390 850 libello
1418 813 1548 849 libera·

231 884 285 919 vit
307 882 535 919 doctissimus
555 880 780 925 welo-kaus,
805 881 984 915 bonarum
1009 879 1163 915 litteram
1185 878 1224 912 in
1237 878 1343 913 Acad.
1358 877 1542 912 Bonnensi
1597 882 1599 885 '
1642 870 1645 874 ’

231 947 428 995 professor.
477 954 533 988 30.
550 949 627 983 Nec
648 964 697 973 —-
713 947 828 980 nectit.
890 943 940 977 Ut
972 941 1222 977 Archilochus.
1271 940 1323 975 Cf.
1362 948 1432 984 15.:
1484 953 1548 983 mm

230 1026 283 1048 res
298 1017 366 1046 etc.
430 1016 486 1053 37.
513 1016 677 1045 ventosae.
725 1005 976 1040 Inconstantis.
1028 1004 1083 1041 Cf.
1109 1011 1142 1051 8,
1167 1014 1220 1043 12.
1292 1010 1349 1047 38.
1382 1003 1478 1064 lJers.
1501 1005 1545 1050 ’1,

232 1079 274 1117 53
295 1084 395 1120 seqq.

392 1155 479 1162 -—-
530 1132 696 1168 Calidum
724 1131 791 1167 scis
816 1142 955 1178 ponere
980 1143 1118 1176 sumen,

391 1197 468 1234 Scis
492 1194 660 1231 comitem
682 1185 916 1228 horridulum
939 1193 1027 1228 trita
1053 1194 1191 1229 donare
1215 1193 1373 1239 lacerna,

386 1261 433 1295 Et
457 1261 594 1302 Verum,
618 1255 751 1303 inquis,
778 1270 873 1294 amo:
907 1268 1024 1296 verum
1048 1261 1134 1296 mihi
1157 1260 1259 1295 dicite
1281 1261 1319 1295 de
1343 1257 1418 1296 me!

390 1324 463 1371 Qui
487 1329 574 1369 pote
588 1322 606 1356 ἱ)
632 1341 673 1348 --

227 1398 326 1441 Non,
352 1395 484 1441 inquit,
510 1406 602 1441 voco
625 1394 672 1429 ad
692 1404 856 1440 coenam,
885 1392 947 1439 qui
970 1391 1057 1426 mihi
1088 1393 1265 1440 plaudant
1302 1395 1462 1431 carmina
1493 1408 1548 1432 re-

231 1459 369 1504 citanti,
395 1470 470 1493 non
489 1455 649 1492 vestibus
669 1455 766 1490 dono
789 1457 988 1501 plausores,
1016 1467 1090 1490 non
1109 1456 1278 1502 Fannios,
1305 1459 1467 1504 quamvis
1487 1471 1548 1494 no·

230 1524 335 1567 biles,
363 1520 487 1565 audio,
515 1530 737 1566 magnosque
760 1517 953 1564 scriptores
980 1529 1055 1552 esse
1078 1517 1173 1562 dico,
1200 1525 1235 1553 et
1257 1519 1286 1553 si
1305 1519 1385 1568 quis
1408 1513 1548 1567 carpat,

230 1599 314 1623 eum
331 1585 504 1628 ulciscor,
528 1579 687 1629 'denique
718 1582 762 1617 ad
785 1582 1107 1637 grammaticorum
1131 1583 1273 1630 pulpita
1293 1595 1368 1618 non
1393 1585 1542 1630 accedo,

228 1658 272 1686 ut
297 1662 338 1686 ea
359 1649 477 1684 tribus
498 1658 561 1681 seu
578 1646 687 1680 turba
715 1651 818 1686 (nam
839 1635 945 1680 multi
969 1652 1073 1680 erant
1096 1646 1253 1686 Romae)
1285 1659 1363 1682 mea
1388 1646 1549 1683 carmina

194 1740 206 1746 κ
230 1711 417 1760 discipulis
442 1711 536 1758 legat
558 1715 594 1744 et
616 1708 863 1754 commendet3
899 1720 1006 1755 quem
1030 1719 1169 1742 morem
1190 1707 1286 1743 ridet
1308 1708 1415 1744 etiam
1444 1709 1484 1744 A.
1509 1710 1547 1744 Ρ.

230 1786 302 1824 419
324 1788 419 1824 seqq.
468 1777 562 1812 Hinc
583 1777 659 1811 illae
679 1776 846 1810 lacrimae.
905 1781 962 1816 41.
990 1774 1108 1818 Spissis
1130 1777 1197 1805 etc.
1244 1770 1399 1817 Magnae
1410 1771 1548 1807 audito·

227 1853 312 1878 rum
333 1830 503 1876 coronae.
561 1848 618 1884 42.
647 1841 743 1883 nugis
775 1839 889 1873 addere
912 1838 1044 1882 pondus.
1086 1833 1269 1881 plausilius
1301 1833 1417 1880 inepti
1449 1835 1550 1883 vulgi

227 1904 368 1951 aliquid
394 1903 570 1947 tribuere,
608 1913 691 1937 cum
730 1901 775 1935 de
808 1899 946 1935 artibus
977 1898 1139 1945 judicare
1182 1897 1331 1948 nesciat.
1400 1905 1457 1944 43.
1486 1903 1548 1937 ait.

230 1968 374 2017 aliquis,
401 1967 461 2003 cui
486 1966 570 2002 dixi.
591 2013 595 2016 Ι
620 1973 677 2011 43.
704 1966 822 2010 ]ὰυίς.
856 1963 1019 2011 Augusti.
1067 1960 1246 1997 Invidiose
1268 1961 1416 1997 dictum.
1469 2003 1472 2012 Ι

301 2041 359 2078 44.
385 2044 518 2069 manare
540 2028 700 2065 activum
725 2029 762 2063 h.
789 2029 828 2072 l.,
865 2033 907 2062 ut
928 2033 963 2061 et
983 2025 1071 2061 alibi
1093 2034 1366 2071 nonnunquam.
1415 2031 1471 2070 45.
1489 2037 1550 2064 ηα.

230 2100 322 2134 ribus
344 2099 407 2134 uti.
456 2093 700 2136 Subsannare,
735 2102 823 2126 naso
846 2090 989 2124 adunco
1010 2087 1238 2135 suspendere,
1263 2093 1305 2121 ut
1337 2087 1388 2122 ait
1409 2088 1481 2124 Sat.
1513 2099 1548 2136 1,
1598 2135 1616 2138 .-

232 2162 267 2203 6,
295 2165 327 2203 5.
347 2171 356 2175 χ
396 2164 453 2203 48.
478 2159 598 2195 Ludus.
642 2156 772 2191 Jocum
804 2155 912 2189 istum
944 2152 1142 2199 intelligam
1164 2150 1284 2185 Eridis
1320 2151 1430 2197 deae,
1465 2165 1550 2190 eum

232 2224 380 2268 malum,
408 2222 467 2258 cui
491 2221 707 2267 inscriptum
726 2226 804 2254 erat
835 2217 896 2257 H
921 2209 1090 2257 KAAH
1113 2207 1383 2263 AABETQ,
1407 2215 1445 2250 in
1468 2229 1550 2253 con

234 2281 380 2317 cionem
402 2280 553 2317 deorum
575 2279 743 2327 projecit,
768 2278 867 2313 unde
887 2276 963 2313 irae
997 2283 1033 2310 et
1060 2275 1244 2321 cpntentio
1276 2276 1442 2322 Junonis,
1481 2277 1551 2312 Mi-

235 2356 370 2380 nervae
400 2350 434 2378 et
460 2343 624 2387 Veneris,
660 2348 784 2389 postea
818 2339 1029 2375 inimicitiae
1051 2338 1261 2373 Menelaum
1285 2338 1383 2373 inter
1401 2345 1436 2373 et
1452 2337 1549 2374 Pari·

240 2409 335 2454 dem,
360 2405 697 2451 atrocissimumque
727 2403 865 2438 bellum
884 2402 1101 2447 Trojanum.
1129 2449 1135 2456 ι
1157 2398 1235 2434 Vid.
1267 2399 1421 2435 Lucian.
1449 2394 1548 2436 Dial.

238 2473 343 2508 deor.
392 2474 422 2508 6.
974 2499 977 2500 ⁷

304 2481 417 2582 Epilst.
442 2542 473 2578 1,
497 2541 554 2575 20,
578 2539 610 2567 1.
644 2529 687 2564 H.
713 2540 744 2563 e.
772 2528 882 2564 vendi
903 2515 1022 2577 cupis.¹
1047 2511 1049 2513 Ι
1072 2528 1150 2563 vid.
1185 2528 1230 2562 ad
1262 2527 1335 2563 Sat.
1367 2537 1401 2573 2,
1422 2529 1456 2572 6,
1480 2535 1548 2574 205

236 2606 272 2644 7,
296 2606 350 2643 14.
411 2606 445 2641 2.
471 2595 552 2632 Sch.
578 2594 658 2630 Cn:
698 2595 787 2632 sosii
801 2595 934 2639 fratres
947 2596 1050 2640 fuere
1087 2587 1374 2648 βιβλιοπῶλαι.
1435 2599 1469 2631 2·
1489 2600 1551 2638 pu-
