1708 2938
249 172 334 218 216
478 216 482 219 Ὗ
758 128 1060 205 Dasumiano*

315 267 319 271 ’
337 272 417 308 fere
430 269 645 321 puerilibus,
669 267 769 304 inter
791 279 919 304 versus
935 265 1160 316 perscriptis.
1208 263 1334 302 Codex
1347 245 1547 300 nasibi-an.

338 333 450 370 seculi
473 333 575 378 x11.,
607 333 666 368 vel
689 330 811 380 potius
835 331 951 378 xm,
986 338 1023 367 ct
1046 330 1193 379 quidem
1224 328 1402 373 exeuntia,
1434 333 1477 364 tt
1498 326 1550 363 vi-

338 395 448 432 detur
469 394 760 443 Vanderburgio.
807 395 941 431 Forma
971 394 1094 431 minor
1128 393 1249 443 (petit
1282 392 1322 427 in
1338 412 1363 420 -
1381 390 1468 435 folio
1501 394 1552 428 ou

338 461 457 510 grand
480 460 519 495 in
542 464 645 506 4⁰⁶),
686 459 777 511 folia.
805 470 881 496 non
914 465 1113 495 numerata.
1139 459 1149 465 ⁴
1170 457 1272 493 Loco
1306 454 1554 503 Epistularum

339 521 482 561 Horatii
505 522 623 570 posita
659 522 862 570 fragmenta
894 521 1074 570 quaedam
1101 518 1254 556 Lucani.
1310 518 1434 554 Genus
1470 504 1557 553 scriss

343 593 475 635 pturae
497 584 778 622 vitiosissimum.

252 674 297 710 N.
343 673 426 710 Nm.
451 679 554 715 8212.
601 672 745 709 Horatii
770 673 865 721 opp.
883 671 975 708 Cod.
1002 669 1199 705 membran.
1224 665 1335 714 seculi
1351 660 1443 710 XII„
1468 663 1557 700 olim

345 731 613 782 Maiarinaeus,
637 736 777 773 minuta
791 737 908 772 forma
919 737 1059 789 (in-80·
1078 735 1196 784 long),
1221 733 1393 769 soliorum
1405 738 1462 776 97.
1486 729 1558 765 De·

346 806 431 836 sunt
442 799 499 835 vel
517 805 627 845 totae,
646 799 705 835 vel
727 810 770 834 ex
787 806 904 847 parte,
930 799 1020 835 odae
1033 799 1117 836 libri
1129 807 1161 842 3.
1179 809 1234 845 14.
1247 805 1284 834 et
1303 799 1559 843 sequentes-us-

344 875 418 912 que
443 861 488 898 ad
513 861 634 910 quarti
656 862 815 908 tertiam,
842 873 935 910 quae
961 861 1107 910 qu‘idem
1129 860 1253 897 nescio
1277 871 1351 908 quo
1374 869 1461 894 casu
1476 855 1559 903 Epi·
1620 879 1623 881 -

344 925 446 962 stolis
466 928 592 964 mediis
615 929 751 964 inserta
771 936 835 964 est.
891 929 957 964 Ars
979 927 1123 976 poetica
1149 925 1284 975 legitur
1303 930 1385 972 post
1403 923 1561 958 Carmen

345 990 522 1026 seculare.
558 991 751 1040 Scriptura
774 991 857 1028 satis
881 992 1026 1039 elegans
1049 997 1083 1027 et
1107 995 1283 1035 correcta,
1309 988 1371 1023 sed
1394 980 1563 1034 compen·

348 1052 418 1089 diis
441 1052 752 1102 frequentioribus
774 1054 893 1090 minus
916 1055 1074 1102 placens.
1119 1054 1233 1090 Notae
1255 1051 1398 1088 additae
1416 1036 1493 1086 odis
1505 1057 1562 1088 21.

348 1115 548 1165 prioribus.
595 1117 816 1166 Argumenta
839 1117 1044 1155 carminum
1072 1116 1199 1154 brevia
1228 1127 1299 1152 nec
1328 1124 1479 1162 magnae
1509 1109 1564 1146 rei

348 1193 373 1218 a
395 1194 506 1218 manu
529 1184 645 1220 altera
667 1183 833 1232 profecta
856 1189 950 1219 sunt.
1307 1170 1313 1176 ’

261 1255 307 1298 0·
354 1262 438 1297 Nm·
464 1267 566 1304 8213.
623 1263 766 1299 Horatii
790 1264 886 1312 Opp.
913 1264 1004 1301 Cod.
1030 1263 1230 1300 membran.
1256 1273 1327 1297 sec.
1351 1259 1441 1305 XII,
1476 1257 1566 1293 olim

352 1323 630 1368 Manat-inacus,
678 1324 797 1358 forma
835 1326 984 1360 minima
1027 1327 1205 1374 quadrata
1239 1330 1318 1367 (un
1352 1326 1427 1359 tres
1444 1344 1456 1349 -
1474 1319 1567 1370 petit

351 1386 515 1432 in·40·),
541 1387 604 1434 qui
629 1387 839 1423 continetur
855 1386 951 1422 foliis
971 1396 1047 1424 100.
1094 1387 1262 1421 Lambini
1283 1399 1415 1423 nomen
1433 1385 1568 1433 legitur

353 1449 394 1484 in
418 1448 538 1497 prima
560 1448 708 1496 pagina,
733 1450 943 1496 reperitque
957 1448 1071 1484 Vand.
1096 1448 1136 1482 in
1158 1448 1229 1482 hoc
1254 1446 1348 1481 libro
1373 1446 1568 1492 lectionem

356 1513 543 1563 quandam
567 1518 771 1549 memoratu
805 1508 1050 1558 dignissimam
1082 1513 1174 1550 (une
1202 1508 1310 1550 lecon
1331 1509 1570 1542 tres-remar-

358 1577 516 1626 quable3
552 1575 615 1611 sed
638 1586 732 1622 quae
756 1574 902 1610 tandem
926 1579 979 1608 est
1003 1584 1047 1607 ea
1068 1570 1176 1606 lectio
1186 1569 1243 1616 Ρ),
1279 1579 1390 1617 quam
1413 1568 1452 1603 in
1475 1566 1572 1603 libro

358 1639 603 1677 Jannoctiano
639 1651 676 1675 se
707 1637 887 1674 invenisse
921 1635 1010 1672 dicit
1042 1633 1170 1670 Lamb-
1230 1631 1332 1668 Ordo
1365 1633 1572 1676 poematum
1616 1641 1618 1644 ⁴

358 1701 548 1747 vetustior,
581 1693 776 1750 nisiquod
800 1711 947 1737 carmen
979 1711 1047 1735 sec.
1073 1704 1109 1733 et
1134 1696 1243 1745 epodi
1266 1694 1493 1743 praecedunt
1511 1695 1574 1729 Ar-

361 1773 437 1803 tem
450 1767 643 1814 poeticam.
690 1767 848 1814 Figurae
867 1764 1014 1814 quidem
1025 1763 1231 1798 litterarum
1250 1760 1362 1807 paulo
1381 1757 1575 1802 acutiores,

363 1830 522 1866 initiales
546 1829 654 1865 etiam
677 1829 797 1877 pictae
821 1827 932 1863 variis
955 1825 1152 1869 coloribus,
1180 1830 1215 1858 et
1229 1832 1493 1868 nonnunquam
1514 1820 1575 1854 ho-

367 1894 509 1931 minum
530 1892 591 1930 vel
613 1891 812 1927 bestiarum
835 1889 1052 1937 imaginibus
1076 1893 1246 1931 ornatae3
1279 1884 1343 1920 sed
1362 1882 1577 1931 compendia

366 1970 471 2003 rara,
505 1952 818 2004 diphthongorum
854 1953 934 1989 soni
969 1950 1102 1999 singuli
1125 1947 1321 1997 separatim
1353 1944 1500 1992 scripti,
1540 1951 1578 1980 et

367 2019 633 2068 orthographia
655 2019 722 2055 sibi
746 2025 924 2063 constans,
957 2015 1050 2064 quae
1074 2019 1157 2050 sunt
1181 2011 1374 2047 meliorum
1397 2008 1498 2044 dotes
1522 2021 1580 2045 co-
1634 2038 1637 2040 ,

370 2083 507 2119 dicum.
555 2083 682 2127 Notae,
703 2094 779 2118 non
793 2081 842 2116 ita
858 2078 979 2126 magni
996 2075 1120 2125 pretii,
1138 2072 1306 2119 antiquae
1326 2072 1384 2126 vel
1393 2071 1490 2107 inter
1502 2085 1580 2108 ver-

364 2157 451 2190 sus,
484 2145 541 2180 vel
564 2144 603 2180 in
627 2144 869 2192 marginibus,
904 2143 966 2178 sed
988 2137 1206 2190 parvissimis
1240 2131 1369 2172 litteris
1393 2142 1579 2182 exaratae,

373 2209 557 2256 leguntur.
605 2207 839 2243 Recentiores
864 2206 1052 2254 quaedam,
1087 2191 1175 2251 (fuas
1198 2201 1258 2238 vix
1289 2201 1401 2248 legas,
1435 2199 1583 2238 additae

373 2272 524 2308 fortasse
548 2277 631 2306 sunt
653 2282 676 2306 a
698 2269 891 2306 Lambino.

283 2358 319 2394 P.
369 2357 439 2394 Nro
474 2364 576 2404 8214.
623 2358 766 2394 Horatii
790 2344 884 2405 O'pp.
910 2370 994 2393 cum
1018 2352 1173 2399 scholiis,
1210 2353 1273 2389 sed
1296 2354 1421 2401 paucis
1446 2359 1481 2388 et
1504 2353 1582 2388 bre-

376 2421 499 2466 vibus,
526 2427 593 2456 etc.
643 2420 733 2456 Cod.
758 2420 971 2465 membran„
996 2420 1118 2455 seculo
1137 2418 1231 2454 XIII.
1251 2416 1394 2453 curiose
1417 2416 1584 2465 scriptus,

328 2491 332 2494 '
376 2485 463 2522 olim
488 2484 660 2521 Colberti.
699 2484 842 2520 ¹Forma
865 2483 1004 2519 minuta
1034 2483 1092 2523 (in
1113 2503 1124 2508 -
1145 2488 1199 2523 8⁰·
1221 2482 1344 2527 long),
1390 2479 1476 2514 folia
1510 2491 1585 2514 non

376 2556 586 2595 numerata3
619 2548 791 2596 epistolae
815 2548 1011 2583 collocatae
1035 2552 1118 2581 ante
1141 2543 1288 2580 satiras.
1337 2543 1481 2589 Adjecta
1505 2549 1590 2578 sunt

378 2613 582 2662 fragmenta
618 2611 795 2659 quaedam
830 2609 1113 2654 Rhetoricorum
1148 2607 1195 2643 ad
1228 2607 1461 2648 Herennium.
1520 2605 1587 2644 Hic
1636 2608 1637 2611 ’
