1708 2938
596 127 781 178 Lmen
809 125 841 166 Ι.
897 125 938 170 6.
1193 154 1211 173 α
1331 122 1413 170 227

105 255 275 301 Lucum
299 257 417 312 ligna
433 255 454 296 ἓ
484 256 625 306 Cave,
653 270 707 296 ne
725 264 874 311 portus
900 261 1086 309 occupet
1110 251 1246 302 alten

106 336 174 378 Ne
196 333 473 392 Cibyratica,
501 348 557 374 ne
578 333 769 389 Bithyna
795 332 967 386 negotia
985 327 1164 386 perdas:

106 412 236 454 Mille
257 413 418 453 talenta
438 409 754 460 retundantur,
785 406 967 450 totidem
987 406 1150 459 altera,
1189 421 1320 464 porro
1341 415 1386 448 et

106 491 255 534 Tertia
276 489 527 542 succedant,
555 500 600 531 et
620 503 732 546 quae
761 504 860 545 pars
881 486 1068 545 quadrat
1089 501 1305 528 acervum.
1355 480 1414 529 *35
1490 517 1493 519 -

107 567 287 610 Scilicet
307 581 486 609 uxorem
507 580 603 608 cum
627 563 728 606 dote
741 592 754 611 ,
781 563 1021 622 fidemqqe,
1050 572 1094 605 et
1112 562 1300 612 amicos,

106 647 163 687 Et
184 659 346 700 genus,
377 654 422 686 et
444 645 624 685 formam
638 670 654 693 ‚
682 643 833 698 regina
854 641 1039 698 pecunia
1065 639 1223 690 donau

106 722 174 764 Ac
199 721 314 763 bene
338 730 599 763 nummatum
624 691 803 760 decorat
821 716 1034 768 Suadela,
1062 718 1307 773 Venusque.

109 850 170 881 tes
191 850 235 880 ut
259 843 334 891 Vp.
360 843 403 879 C.
437 842 505 878 Ra.
531 844 581 877 A.
605 854 625 877 a
650 849 684 876 1.
708 851 762 876 m.
780 867 792 883 ,
825 839 941 875 Baxt.
975 839 1076 874 Cun.
1111 837 1233 876 Gesn.
1275 837 1418 874 Oberh

111 906 290 951 Combe,
317 903 468 940 Wakef.
495 904 624 940 Zeun.
658 906 777 947 putes
803 906 839 935 et
869 897 918 936 V.
943 899 992 935 B.
1017 899 1080 935 vr.
1107 899 1154 934 B.
1180 894 1254 945 Vp.
1281 899 1319 935 F.
1345 898 1420 937 Cb.

111 969 182 1010 A.;
208 965 384 1012 praetulit
406 954 556 1009 exiguis
581 961 817 1008 argumentis
846 959 995 1003 Bentl.3
1027 957 1246 1004 sequuntur
1270 970 1422 1005 anony⁴

110 1037 200 1063 mus
223 1026 330 1062 Trai.
355 1024 400 1059 ad
426 1024 554 1060 Rhen.
579 1025 675 1060 1713.
702 1023 790 1056 San.
817 1019 918 1060 Phil.
944 1019 1120 1065 Sandby,
1150 1019 1237 1055 Val.
1263 1019 1421 1065 [ssod.];

110 1094 154 1122 ut
186 1094 301 1133 poeta
338 1084 549 1120 dubitative
583 1087 801 1129 proponat3
842 1081 1024 1123 mollius,
1061 1086 1099 1115 et
1147 1080 1421 1117 verecundiusa

113 1148 219 1197 Quid
243 1148 324 1183 hoc
347 1147 384 1182 in
408 1141 681 1192 oppositione?
727 1141 887 1186 Nempe
907 1141 1154 1176 intractata
1179 1141 1284 1178 recti
1314 1129 1423 1189 priz-

110 1210 228 1256 vique
245 1212 460 1250 versatur,
483 1210 522 1240 ut
545 1205 690 1239 diceret
715 1201 901 1250 Quinctil.
925 1201 954 1235 I.
982 1200 1031 1235 O.
1057 1201 1141 1236 ΧΠ.
1167 1204 1218 1243 2.;
1243 1202 1308 1237 ubi
1331 1203 1424 1237 nul·-

110 1269 190 1304 lum
216 1266 407 1302 medium:
434 1275 562 1309 neque
589 1259 701 1308 poeta
726 1262 893 1296 amicum
919 1262 1131 1306 redarguit,
1147 1262 1215 1297 sed
1240 1263 1423 1307 generice

110 1328 307 1363 vitiosum.
362 1323 404 1359 312
424 1332 555 1371 porro
590 1327 626 1356 et
657 1322 702 1357 V.
739 1321 784 1357 C.
812 1321 866 1358 D.
893 1322 944 1358 G.
973 1321 1040 1358 Vr.
1066 1321 1111 1364 Β.
1138 1321 1185 1359 C.
1209 1322 1266 1358 D.
1291 1322 1346 1360 G.
1371 1322 1435 1359 H.-

110 1388 188 1437 Vp.
213 1391 263 1425 A.
289 1388 336 1424 C.
364 1387 417 1422 D.
444 1386 486 1421 F.
512 1385 587 1419 Ch.
614 1385 663 1420 A.
687 1383 723 1418 F.
749 1383 902 1419 An.'A.
929 1382 973 1417 Β.
999 1382 1069 1417 Ba.
1095 1382 1142 1418 B.
1166 1381 1237 1419 Va.
1263 1383 1336 1429 D.,
1362 1383 1425 1419 alii

111 1461 210 1487 mse.
245 1448 344 1496 apud
390 1446 528 1482 Lamb.
566 1444 700 1480 Pulm.
737 1443 884 1491 Cruq.;
929 1443 1090 1478 restituit
1127 1442 1296 1484 Lamb„
1336 1443 1426 1479 inde

41 1531 50 1539 κ
113 1510 270 1558 Gryph.
301 1508 400 1545 1566.
428 1508 550 1552 Cruq.
576 1506 693 1542 Baxt.
716 1505 843 1540 Bentl.
870 1514 1088 1550 anonymus
1109 1503 1217 1539 Trai.
1245 1502 1291 1538 ad
1313 1502 1426 1538 Rhe·-

112 1582 234 1614 num,
259 1570 358 1606 Cun.
383 1569 469 1603 San.
498 1567 676 1602 Mervin.
703 1566 823 1602 Gesn.
849 1564 950 1602 Phil.
981 1565 1062 1599 Val.
1086 1563 1256 1608 Dorigh.
1282 1562 1426 1599 Oberl·

115 1630 293 1673 Combe,
318 1628 477 1664 Wakef.
505 1626 632 1661 Wetz.
658 1626 792 1661 Zeun.
817 1624 879 1660 Al.
905 1624 986 1659 sine
1012 1628 1062 1659 et.

200 1710 245 1744 35
269 1707 287 1727 ’
309 1707 529 1745 succedent·
550 1707 616 1741 Vr.
644 1705 699 1742 G.
756 1706 778 1729 *
803 1709 840 1739 et
859 1715 966 1750 pars
995 1713 1100 1751 quae
1130 1701 1204 1740 Ch.
1229 1700 1278 1739 E.
1322 1712 1430 1752 quaa

89 1773 214 1811 .drat
247 1770 294 1807 V.
330 1770 382 1805 B.·
408 1767 465 1805 G.
489 1767 562 1814 M.
600 1766 646 1802 P.
682 1765 748 1800 Vr·
783 1765 833 1800 A.
869 1763 911 1799 C.
939 1764 987 1799 E.
1012 1764 1088 1811 Vp.
1113 1763 1159 1800 C.
1185 1762 1242 1799 D.
1277 1762 1352 1799 Ch.
1378 1764 1428 1799 Aa

114 1835 156 1872 F.
179 1835 253 1871 An.
280 1833 372 1868 A.·a
399 1838 431 1867 1.
454 1841 508 1865 m.
534 1829 589 1864 D.
615 1826 692 1863 Bas
710 1829 759 1861 A.
784 1826 855 1862 Va.
878 1825 934 1861 D.
951 1853 962 1870 ‚
996 1825 1064 1860 aliiJ
1079 1834 1174 1860 mss.
1199 1824 1300 1871 apud
1324 1821 1429 1868 vat,
1480 1859 1483 1862 ,

115 1900 290 1931 notatum
316 1899 369 1927 ex
391 1901 466 1926 ms.
492 1890 528 1925 in
554 1900 621 1924 ora
647 1887 825 1923 editionis
847 1887 936 1922 Aldi
961 1888 1060 1926 1519.
1086 1886 1124 1921 iu
1150 1884 1248 1920 Bibl.
1274 1884 1431 1920 Barbe-

118 1956 225 1996 rina,
248 1955 295 1990 ita
321 1952 620 1987 commentator
632 1949 920 1996 Cruquianus,
945 1947 1011 1993 qui
1036 1946 1221 1992 exponit,
1244 1944 1431 1994 quadru-

111 2015 229 2063 plum
242 2011 361 2059 facit
383 2023 481 2048 acer
483 2023 584 2048 vum.
636 2010 780 2046 Sensus
805 2019 902 2044 vero
926 2014 1007 2043 est·
1033 2005 1244 2043 succedant
1267 2004 1430 2041 totidem

117 2075 264 2117 altera,
289 2068 430 2118 nempe
453 2073 719 2118 mil1e3quae
755 2079 877 2115 quum
907 2074 1077 2114 quatuor
1098 2066 1230 2102 millia
1241 2060 1430 2109 efficiunt,-

117 2133 308 2180 quadrant
332 2142 534 2173 acervum,
555 2141 624 2166 seu
651 2140 844 2166 summam
871 2128 1074 2164 lucrorum
1099 2137 1151 2162 ex
1176 2125 1432 2171 navigatione.

117 2193 321 2231 Ptaesenti
343 2198 546 2238 tempore3
572 2190 678 2237 quod
704 2190 856 2226 videtur
879 2189 1117 2231 elegantius,
1149 2192 1187 2222 et
1219 2186 1352 2221 verius
1383 2184 1432 2220 ad

119 2265 220 2290 rem.
243 2253 309 2289 Al.
334 2251 479 2298 [flod]
505 2251 691 2300 quadret
736 2252 817 2284 38*
840 2248 956 2284 Nam
974 2246 1072 2283 bene
1097 2244 1162 2281 Vr.
1187 2245 1239 2281 H.
1263 2236 1433 2282 Albane

118 2314 196 2361 Vp.
219 2314 278 2351 D.
301 2312 478 2353 Etbene
500 2313 551 2349 V.
576 2312 630 2349 O.
655 2312 707 2360 Ω.
730 2309 904 2347 Turneb.
929 2308 1100 2344 Advers.
1127 2307 1207 2343 VII
1233 2308 1286 2343 13.

207 2395 250 2428 38
274 2391 480 2434 Suadela,
517 2390 744 2437 Venusque.
798 2387 906 2423 Bene
939 2386 1120 2423 Hor-reus
1150 2383 1325 2421 Misceu.
1349 2382 1433 2420 crit

122 2452 190 2489 lib.
217 2457 250 2488 1.
273 2464 307 2489 c.
331 2452 364 2489 6.
387 2464 424 2499 p.
448 2453 524 2488 103.
549 2457 679 2494 notat,
715 2454 870 2497 praeter
900 2458 969 2493 ea,
1005 2458 1106 2494 quae
1137 2446 1215 2483 iam
1237 2444 1435 2480 observa-

51 2509 61 2515 ‘
122 2517 235 2547 verat
264 2512 529 2556 Torrentius,
561 2512 705 2558 templa
728 2522 748 2545 a
774 2507 939 2547 Graecis
973 2507 1171 2544 aedificata
1194 2504 1435 2542 coniunctim

124 2570 294 2616 veneri,
328 2578 366 2607 et
400 2571 612 2617 Suadelae;
646 2580 790 2617 easque
831 2568 895 2609 uti,
927 2567 1038 2612 De-as
1071 2566 1212 2614 nuptiis
1250 2564 1438 2615 propitiae
