1708 2938
630 171 1029 231 roizwtcA.¹
1380 193 1465 241 379

98 312 101 317 '
150 311 322 370 Aequis
348 315 568 372 accipiunt
594 314 774 366 animis,
811 315 1032 360 donantve
1061 331 1238 362 corona.
1276 310 1277 313 ¹
1384 319 1467 364 250

149 436 329 475 Turneb.
352 438 520 475 Advers·
541 440 653 477 xtx.
675 443 711 481 9.
732 440 848 480 Mur.
869 442 991 491 Cruq.
1013 442 1146 480 Pulm.
1170 443 1201 480 C
1235 442 1296 481 ab.
1317 440 1437 482 Bond
1450 470 1466 489 ,

151 496 303 545 Despr.
329 498 383 535 D.
406 498 540 535 Heius.
566 500 910 547 Nannius,·Ta1b.
938 503 1039 541 Dac.
1062 503 1177 540 Baxt.
1239 503 1356 549 enti„
1380 504 1466 541 alii-

153 568 231 603 que
256 557 494 594 recentiores
518 552 669 596 omnes.
684 560 830 606 fracti
851 563 903 598 V.
929 566 976 600 Α.
1001 574 1022 600 a
1048 567 1077 600 1.
1103 575 1156 600 m.
1183 555 1228 601 Β.
1254 565 1297 600 C.
1325 563 1381 602 D.
1406 564 1463 603 G.

152 615 202 653 H.
242 617 274 654 Ι.
306 617 350 653 Κ.
385 619 435 657 Ο.
465 619 514 655 Sc
533 619 583 656 Τ.
605 620 656 656 Χ.
679 621 736 658 Ζ.
760 622 833 658 Vr.
856 623 905 660 Β.
931 635 953 660 a
977 628 1008 659 1.
1029 635 1086 663 m.
1112 625 1158 662 F.
1183 626 1214 662 I.
1239 625 1290 662 K‘.
1316 625 1364 665 1..
1388 624 1469 672 Vp.

151 680 202 714 A.
239 678 280 716 F.
312 679 388 717 Ch.
422 682 471 717 A.
501 692 523 717 a
558 685 588 716 t.
627 692 680 718 m.
713 682 759 718 F.
783 683 862 720 An.
886 684 935 721 B.
959 685 1030 722 Ba.
1054 687 1106 722 A.
1130 686 1178 722 Β.
1204 685 1276 723 Va.
1299 687 1350 724 A.
1367 713 1383 733 ‚
1404 685 1467 722 aiii

150 749 248 776 mss.
271 741 371 788 apud
394 740 525 778 Pulm-
550 741 705 778 Combe
723 770 736 786 ,
762 742 1063 782 Commentator
1086 746 1350 794 Cruquianu8‚
1374 746 1465 783 edit.

150 799 284 837 Ptine.
316 791 428 838 Med.
464 799 563 840 1476.
590 803 714 840 venn.
739 801 841 842 1478.
865 802 964 845 1479.
989 803 1089 844 1481.
1114 805 1216 843 1483.
1241 804 1342 844 1486.
1366 804 1467 846 1490.

150 859 251 900 1495.
276 855 496 900 15141516.
521 866 619 899 1552.
645 864 745 901 mor.
773 861 876 903 1432.
903 865 1030 902 Aldus
1053 870 1150 903 1501.
1178 867 1347 904 Britann.
1369 867 1469 902 1⁵20.

150 920 283 958 Rasin.
305 924 407 959 1527.
434 924 534 958 1531.
559 922 659 960 Frib.
686 923 786 959 1536.
810 923 938 964 Dion.
961 927 1010 963 ab
1034 927 1176 963 Harsio
1210 925 1337 972 Lugd.
1367 927 1469 962 1538.

150 981 300 1019 Merito
344 982 445 1019 hanc
480 983 688 1019 lectionem
723 984 983 1022 deseruerunt
1015 988 1186 1032 editores
1224 986 1365 1023 critici:
1400 985 1468 1033 qui

149 1043 252 1078 enim
284 1041 405 1087 vulgo
435 1045 541 1079 'nunc
571 1043 867 1092 dicunturffceci
899 1035 1112 1093 infranfi,
1160 1046 1252 1083 nihii
1285 1046 1333 1082 ad
1364 1055 1469 1082 rem.

154 1103 309 1146 Ciceris
330 1102 465 1149 fricti
499 1105 690 1139 meminit·
710 1104 837 1140 Plaut.
871 1106 910 1141 in
941 1105 1069 1142 Bach.
1109 1107 1179 1144 IV.
1214 1109 1250 1144 5.
1271 1117 1329 1154 7.:
1361 1106 1468 1142 Tam

138 1162 326 1209 frictum
347 1163 465 1199 illum
489 1164 683 1207 reddam,
707 1175 832 1212 quam
843 1165 1031 1212 frictum
1054 1172 1115 1204 est
1138 1168 1260 1204 cicer.
1292 1165 1468 1203 Martial-

144 1221 212 1258 lib.
236 1220 267 1258 1.
290 1223 411 1270 epigr.
437 1221 518 1260 104.
541 1226 618 1260 10.;
643 1226 755 1261 Asse
769 1224 879 1260 cicer
894 1226 1073 1273 tepidum
1092 1230 1277 1272 constat,
1309 1230 1348 1261 et
1370 1235 1468 1262 asse

151 1282 303 1320 Venus.
329 1283 514 1319 Meminit
546 1295 707 1331 quoque
733 1285 903 1321 Ioannes
928 1285 1140 1323 Cassianus
1163 1298 1246 1334 cap.
1263 1294 1309 1325 1.
1331 1286 1466 1323 collat.

144 1345 191 1379 8.:
218 1343 378 1380 Deinde
402 1343 594 1391 adposuit
615 1344 775 1389 salem,
809 1344 942 1382 olivas
973 1350 1150 1392 ter-nas,·
1182 1345 1325 1397 quibus
1349 1350 1468 1406 post-

144 1402 248 1440 haec
269 1404 534 1448 superintulit
558 1404 787 1440 canistrum
810 1402 965 1440 habens
987 1406 1098 1442 cicer
1108 1405 1319 1452 frictum,
1360 1391 1471 1455 quod

146 1462 211 1498 illi
234 1463 423 1512 troqalia
447 1469 616 1506 vocant;
642 1476 694 1499 ex
718 1460 859 1508 quibus
882 1463 1010 1510 quina
1031 1465 1196 1501 tantum
1216 1467 1467 1515 sumpsimus

143 1534 302 1570 qrana,
329 1525 520 1559 mimae-ia
542 1523 655 1567 bina,
680 1525 848 1559 caricas
870 1524 1070 1572 singulas.
1114 1525 1211 1562 Non
1235 1522 1393 1572 dubito,
1415 1527 1465 1562 de

97 1586 102 1589 ’
146 1582 290 1617 eodem
315 1583 591 1630 accipiendum
611 1584 789 1620 Persium
820 1582 866 1619 V.
895 1586 1002 1621 177..·
1029 1585 1163 1622 Cicer
1172 1582 1328 1637 inqere
1346 1586 1467 1636 larqe

146 1641 333 1678 Rixanti
348 1642 528 1689 populo:
550 1649 588 1678 et
612 1655 704 1679 cum
731 1645 848 1680 Don
832 1657 872 1680 a
890 1646 1004 1681 etiam
1020 1647 1128 1682 cicer
1141 1642 1353 1683 madidum
1363 1647 1467 1693 apud

145 1700 270 1737 Mart.
283 1702 345 1737 nb.
362 1706 390 1738 1.
403 1704 522 1750 epigr
535 1702 591 1739 42.
605 1706 675 1742 37.;
706 1707 853 1743 Otiosa
872 1706 1024 1742 Vendit
1044 1707 1114 1754 qui
1135 1705 1346 1742 madidum
1357 1707 1467 1743 cicer

79 1790 81 1792 ,
146 1771 352 1807 coronae,
377 1763 555 1810 quamvis
580 1765 616 1800 id
641 1773 753 1811 neget
778 1759 1008 1804 Marcilius:
1047 1765 1155 1814 quod
1178 1761 1377 1803 madidum
1406 1767 1467 1804 ci-

145 1832 215 1857 cer
236 1821 384 1859 elixum
408 1825 470 1869 εἰς
495 1825 650 1861 frictum
675 1827 781 1862 cicer
803 1827 968 1863 aridum.
997 1827 1084 1863 Hoc
1107 1833 1190 1862 erat
1205 1826 1465 1874 probandum.

144 1879 250 1918 Nam
286 1882 442 1919 frictum
473 1886 592 1945 oleo,
626 1887 689 1921 vei
725 1886 833 1934 adipe
859 1887 972 1922 s'uillo
996 1898 1155 1932 semper
1183 1886 1466 1933 aliquantuium

144 1942 301 1986 madet;
334 1940 548 1992 praecipue
575 1958 698 1993 quum
734 1958 874 1984 recens
909 1955 988 1992 est,
1028 1955 1067 1983 et
1101 1947 1231 1983 adhuc
1269 1946 1465 1992 tepidum·

145 2013 275 2049 neque
301 2003 452 2039 eiixum
474 2004 713 2041 distribuitur
738 2017 910 2042 coronae
935 2008 1187 2052 adstantium,
1221 2013 1263 2043 ut
1286 2006 1465 2044 bellaria.

146 2061 190 2097 In
205 2073 277 2099 usu
302 2063 512 2100 etiamimm
537 2065 704 2101 habetur
728 2067 883 2102 frictum
908 2069 1013 2103 cicer
1030 2068 1219 2115 Neapoli,
1243 2073 1281 2102 et
1292 2066 1466 2111 Romae,

148 2123 379 2168 praesertim
404 2125 503 2170 apud
529 2125 757 2168 Hebrae083
784 2132 822 2162 et
847 2127 1008 2172 vulgare
1032 2134 1090 2163 est
1108 2139 1321 2173 scomma,
1358 2129 1467 2165 cecio

136 2181 284 2228 fritto.
308 2184 421 2230 Apud
445 2185 630 2222 Plautum
654 2188 691 2223 in
715 2187 843 2223 Poen.
869 2187 900 2225 I.
923 2190 956 2224 2.
994 2190 1073 2224 112.
1103 2197 1316 2224 occurrunt
1350 2190 1466 2224 etiam

137 2241 304 2288 frictae
329 2254 462 2281 nuces.
504 2249 589 2295 Aq.
621 2246 797 2283 Obsecro
824 2246 984 2292 hercle,
1027 2245 1076 2284 ul
1099 2249 1238 2285 mulsa
1262 2249 1469 2297 loquitur!

93 2324 96 2327 -
146 2302 234 2338 Mi.
258 2302 386 2340 Nilzil
406 2305 490 2341 nisi
512 2305 758 2352 laterculos,
781 2307 1017 2354 Sesamum,
1037 2320 1366 2359 papaveremque
1386 2312 1467 2346 tri·

146 2361 292 2408 ticum,
328 2369 366 2400 et
379 2350 547 2414 frictas
575 2377 715 2402 nuces.
781 2366 883 2404 Hinc
918 2368 1033 2405 Ianus
1058 2370 1200 2406 Dousa
1231 2371 1276 2406 ad
1301 2371 1468 2407 Petron.

148 2421 214 2458 lib.
240 2416 273 2459 1.
297 2435 332 2460 c.
359 2429 389 2460 1.
415 2434 521 2473 putat
544 2427 581 2462 in
606 2439 723 2463 versu
749 2428 896 2466 Horatii
934 2430 1121 2475 frictum
1152 2431 1253 2466 istud
1290 2442 1370 2466 non
1397 2441 1465 2466 so-

148 2482 230 2518 lum
254 2484 300 2520 ad
326 2486 460 2531 cicer,
486 2489 592 2534 quod
622 2490 841 2535 praecedit5
866 2491 933 2524 sed
960 2493 1074 2526 etiam
1094 2491 1145 2526 ud
1169 2502 1312 2538 nucem
1329 2518 1340 2534 ‚
1365 2500 1466 2537 quae

149 2542 349 2589 sequitur',
375 2548 583 2592 pertinere.
639 2552 733 2583 250
749 2551 972 2597 excipiunt
993 2552 1040 2589 V.
1063 2551 1119 2588 D.
1174 2553 1239 2586 250
1251 2549 1469 2595 {donant-

150 2612 226 2648 que
247 2601 324 2640 Ch.
346 2604 390 2643 F.
414 2606 682 2646 donentveV.
705 2609 762 2646 D.
788 2618 868 2647 ³1.
890 2621 943 2647 m.
1311 2617 1313 2619 ’
