1708 2938
228 167 307 212 402
432 223 435 226 Δ
717 177 1057 205 nean-re.

222 287 401 333 Nullum
427 287 540 331 ultra
559 284 735 329 verbum
750 311 765 334 ‚
785 278 858 326 aui
875 298 1052 340 operam
1071 285 1311 330 insumebat
1326 268 1543 340 iaanenu·

219 400 378 438 metallo
395 411 486 436 cusa
515 404 646 442 erant,
671 399 851 450 nimirum
874 400 1044 445 perfecta
1069 412 1089 437 a
1113 402 1235 447 prima
1257 404 1425 439 auctoris
1443 414 1523 440 ma-

221 473 273 495 nu
291 487 302 504 ,
326 460 547 495 ulteriorem
570 458 670 492 torni
691 468 852 503 operam
877 470 955 495 non
976 460 1196 505 exigebant.
1243 464 1372 507 Atque
1397 462 1522 508 ipsum

220 523 452 565 scriptorem
479 519 524 553 ud
540 519 670 554 iocum
694 518 842 554 Horatii
869 521 1091 565 respexisse
1110 521 1272 556 credere
1296 531 1525 568 possumutu

221 582 309 626 quia
343 579 470 624 paullo
503 586 590 623 post
618 578 738 614 addit:
794 578 874 612 Me
911 582 1063 626 quo'oae
1085 578 1194 616 iubes
1226 580 1405 616 versibus
1443 581 1526 618 tuis

219 628 418 675 ›zonnialla
435 636 680 673 subnectere.
715 638 846 673 Haud
859 638 919 673 ita
939 638 1116 674 Flaccus
1131 644 1223 675 tuus
1239 629 1453 685 praecepit
1480 640 1525 675 in

218 699 302 733 illis
330 698 514 744 poeticae
548 698 672 733 Artis
709 697 850 733 edictis
858 711 880 739 ,·
916 706 1091 744 quorum
1121 698 1198 734 lzoc
1235 700 1403 734 memc'ni
1439 710 1524 736 esse

214 759 486 805 principium,
516 768 563 792 ne
606 757 780 793 humano
813 758 925 804 capiti
962 757 1099 793 cervix
1149 759 1288 804 equina
1333 760 1524 804 iungatur.

221 820 341 867 Quod
370 818 470 854 addit
502 818 723 859 Bentleius,
758 823 798 852 ut
823 816 958 851 verbis
986 821 1070 851 utar
1089 817 1225 852 laudati
1252 817 1420 863 Oudini,
1444 830 1522 858 non

218 890 356 915 verum
373 885 434 914 est
449 880 582 922 magis.
630 878 892 925 Numquam,
915 875 965 910 ait
993 874 1079 919 ille,
1114 886 1191 911 usu
1213 877 1350 914 venire
1377 882 1525 925 potest,

217 943 262 973 ut
274 938 447 983 serrum
468 941 679 973 tornatum
703 937 761 972 ad
777 933 963 971 incudem
987 936 1261 972 revocandum
1279 938 1357 974 sit:
1380 940 1524 985 quippe

219 1004 362 1034 toruus
380 998 696 1042 instrumentum
718 995 898 1032 omnium
923 994 1215 1041 certissimum,
1240 997 1349 1044 quod
1364 1009 1525 1044 semper

213 1064 336 1104 paret
358 1058 540 1103 artifici,
563 1057 668 1094 nulli
691 1057 827 1093 errori
854 1053 1088 1107 obnoxium.
1145 1054 1331 1092 Profecto
1366 1066 1523 1095 tornum

214 1119 280 1153 hic
305 1118 427 1152 homo
457 1128 671 1165 numquam
704 1117 805 1153 vidit.
852 1117 957 1165 Quid
982 1115 1113 1152 enim?
1137 1115 1167 1152 si
1195 1117 1319 1154 fulcra
1343 1117 1522 1162 titubent,

216 1178 249 1213 si
268 1178 496 1213 libramenta
529 1188 607 1212 non
637 1177 922 1223 respondeant,
957 1177 987 1213 si
1019 1177 1258 1222 claviculae,
1280 1177 1420 1212 uncivc
1447 1188 1525 1214 tiu-⁴
1562 1211 1564 1213 .

216 1242 316 1277 tent;
339 1238 371 1272 si
394 1247 532 1271 manus
555 1237 733 1279 vacillet,
758 1238 1036 1283 scalprumque
1055 1237 1117 1270 vel
1134 1247 1215 1271 non
1235 1236 1272 1272 iu
1291 1224 1378 1272 loco
1399 1236 1524 1283 appli-

215 1302 293 1340 cet,
306 1297 368 1332 vel
383 1296 495 1332 altius
515 1295 654 1341 defigat
674 1306 793 1342 quam
814 1306 884 1342 par
906 1300 978 1338 est3
1002 1296 1034 1330 si
1054 1296 1234 1330 materies
1253 1295 1334 1342 ipsa
1353 1307 1431 1331 non
1455 1307 1523 1331 ae-

214 1355 340 1403 qualis
375 1355 484 1399 fusa,
515 1355 578 1391 vel
625 1355 803 1391 malleata
838 1356 1224 1403 applicetur·torno,
1256 1365 1304 1390 an
1339 1355 1523 1391 succedat

213 1407 358 1463 opera?
399 1417 543 1450 Annon
568 1415 614 1451 ad
640 1415 769 1460 ignem
797 1416 958 1462 opifex,
989 1423 1027 1458 et
1064 1415 1242 1455 incudem
1274 1415 1520 1450 revertetur?

212 1477 296 1513 Hac
331 1476 479 1512 incudis
509 1474 737 1520 metaphora
779 1475 873 1510 nihil
912 1474 1151 1520 frequentius
1179 1474 1278 1520 apud
1305 1474 1523 1520 Scriptores

213 1524 397 1584 ueteresss
429 1539 480 1571 At
507 1533 816 1578 distinguendum
835 1561 847 1579 ,
878 1545 958 1580 quo
993 1543 1122 1569 sensu.
1166 1533 1331 1569 Metalla
1356 1545 1519 1580 quoquo

213 1597 334 1633 modo
352 1594 429 1632 sub
450 1595 588 1630 incude
611 1595 803 1637 formata,
829 1600 963 1640 postea
985 1594 1046 1628 vel
1069 1594 1158 1629 lima
1173 1619 1184 1636 ,
1210 1594 1274 1628 vel
1300 1600 1414 1628 torno
1448 1605 1522 1639 po-

213 1657 419 1692 liebantur.
466 1654 645 1690 Horatius
678 1654 745 1689 hic
771 1653 818 1688 de
853 1660 966 1688 torno
998 1653 1203 1698 intellexit5
1239 1660 1280 1688 ut
1311 1653 1364 1688 ΙΙ.
1397 1658 1468 1690 sat.
1488 1653 1522 1689 7.

213 1716 286 1760 86„
311 1721 439 1758 teres,
463 1719 583 1761 atque
599 1713 823 1749 rotundus:
846 1712 882 1747 id
904 1713 1045 1749 etenim
1066 1714 1322 1750 instrumento
1343 1713 1409 1749 illo
1429 1723 1520 1759 per·-
1551 1708 1557 1717 ⁸

214 1777 316 1811 fecte
339 1767 546 1810 obtinetur.
573 1773 653 1809 Cic.
678 1773 725 1808 de
749 1773 865 1809 Univ.
893 1774 947 1808 15.
975 1785 1011 1808 c.
1035 1773 1092 1808 6,:
1137 1773 1264 1820 quue
1287 1773 1350 1808 ita
1373 1777 1523 1811 torna-4

214 1835 272 1870 vit
286 1861 298 1878 ,
321 1839 364 1869 ut
385 1833 493 1869 nihil
510 1833 630 1879 effici
641 1834 775 1878 possit
789 1832 1017 1868 rotundius.
1072 1833 1117 1867 In
1141 1834 1262 1868 Arato
1290 1835 1365 1870 551.
1390 1845 1518 1880 seqq.:

220 1894 270 1930 Ut
286 1905 426 1937 nemo,
451 1893 517 1928 cui
537 1898 687 1929 sancta
703 1904 831 1929 mana
856 1893 1093 1929 doctissima
1120 1892 1274 1928 Pallas
1305 1892 1520 1928 Sollertem

215 1943 309 2000 ipsa
333 1953 442 1989 dedit
457 1952 658 1998 fabricae
675 1952 903 1990 rationibus
925 1958 1056 1988 artem
1069 1979 1082 1997 ,
1110 1953 1215 1987 Tam
1237 1958 1406 1988 tornare
1431 1958 1520 1989 cate

216 2018 422 2048 contortos
431 2014 588 2060 possiet
606 2013 723 2050 orbes
737 2041 749 2057 ,
778 2016 1019 2063 Quamsunt
1034 2012 1077 2047 in
1091 2012 1204 2048 caelo
1220 2011 1356 2047 divino
1371 2011 1522 2047 lumine

205 2073 318 2116 flexi
329 2099 341 2116 ‚
371 2073 547 2108 Terram
574 2074 794 2123 cinqentes,
819 2077 1018 2110 ornantes
1036 2071 1187 2107 lamine
1200 2070 1417 2119 mundum„
1428 2069 1522 2106 Cul-

215 2133 326 2177 mine
343 2137 583 2169 transverso
598 2133 818 2169 retinentes
839 2134 977 2171 sidera
980 2131 1112 2177 fulta.
1147 2132 1212 2173 De
1238 2132 1328 2167 lima
1345 2132 1518 2178 loquun-

214 2199 279 2226 tur
295 2193 437 2236 passim
463 2200 544 2226 tum
561 2191 642 2237 ipse
665 2191 832 2237 Cicero,
855 2199 895 2227 ut
913 2197 1018 2227 notat
1041 2191 1257 2235 Bentleius,
1281 2198 1362 2226 tum
1386 2192 1519 2227 Hora-

216 2251 292 2287 tius
314 2260 432 2296 supra
455 2253 532 2290 291.
564 2251 595 2286 1.
620 2258 689 2287 sat.
714 2254 768 2286 to.
793 2251 872 2299 ⁶5⁵3
898 2258 978 2286 tum
1003 2249 1118 2285 Ovid.
1145 2249 1174 2285 Ι.
1198 2249 1245 2284 de
1268 2249 1398 2285 Ponto
1416 2251 1518 2287 5.19.

215 2309 266 2346 11.
290 2307 325 2345 ll.
354 2312 407 2346 17.
430 2310 495 2347 IV.
520 2310 552 2346 6,
578 2312 637 2346 37.
660 2310 834 2346 Niartial.
869 2309 914 2344 V.
938 2312 991 2345 81.
1016 2311 1070 2342 13.
1096 2307 1160 2343 VI.
1184 2304 1241 2343 64.
1269 2308 1320 2343 16.
1356 2309 1404 2343 X.
1430 2311 1461 2343 2.
1483 2311 1515 2342 3.

217 2369 329 2406 Pers.
361 2370 391 2407 Ι,
423 2371 478 2404 85.
510 2370 559 2404 Α.
598 2370 704 2406 Geli.
734 2370 844 2404 XIX.
876 2377 931 2411 9.;
967 2375 1048 2403 tum
1081 2368 1209 2403 Sidon.
1246 2367 1414 2412 Apollin.
1447 2367 1516 2404 IV.

218 2430 326 2475 epist.
352 2438 409 2464 1.:
456 2428 569 2464 Tuae
597 2427 741 2473 culpae
761 2428 924 2474 primus
954 2428 1138 2476 ignosce,
1177 2427 1245 2474 qui
1275 2427 1402 2472 spatii
1422 2427 1518 2471 plus

215 2487 465 2533 praestitisti
489 2488 751 2535 arqentario‚
787 2497 913 2532 quam
934 2490 1097 2532 poetae;
1133 2495 1221 2519 cum
1253 2485 1517 2529 proculdubio

220 2558 302 2581 non
322 2551 362 2581 te
389 2547 554 2590 lateret,
589 2548 702 2582 intra
728 2545 938 2590 officinam
966 2544 1237 2580 litteratorum
1264 2545 1463 2579 carminis
1481 2546 1519 2580 si

221 2606 320 2654 quid
343 2606 461 2642 incus
485 2605 657 2641 metrica
680 2606 948 2651 produxerit,
980 2616 1061 2640 non
1081 2603 1196 2648 sorti
1207 2631 1220 2649 ,
1254 2609 1289 2637 et
1320 2610 1516 2650 asperata
