1708 2938
597 182 953 211 mota-rea.
1315 170 1434 217 ,383

127 289 468 354 Aeschylum-et
492 274 676 332 modicis
702 289 906 332 instravit
931 288 1103 347 pulpita
1128 289 1286 346 tigrin

127 373 185 414 Et
210 370 360 414 docuit
387 385 674 428 magnumque
701 369 853 428 loqui,
879 371 1047 428 nitique
1077 371 1305 414 cothurno.
1353 372 1438 417 280

128 450 342 496 Successit
365 459 490 493 vetus
518 450 588 493 his
615 450 839 492 comoedia
854 478 870 500 ,
895 431 992 492 non
1020 451 1116 500 sine
1142 451 1279 494 multa

129 530 308 582 Laude;
335 531 415 574 sed
442 530 490 572 in
517 532 669 573 vitium
698 530 884 573 libertas
912 531 1102 583 excidit,
1130 512 1292 576 ‘avim

127 614 316 669 Dignam
343 613 440 668 lege
467 612 584 668 regi:
612 611 685 654 lex
711 622 777 654 est
805 623 1007 670 accepta,
1036 613 1282 672 chorusque

128 693 339 750 Turpiter
364 691 574 754 obticuit,
602 671 775 734 suliiato
805 693 899 733 iure
925 691 1126 734 nocendi.

129 773 211 815 Nil
237 775 498 816 intentatum
526 774 666 815 nostri
693 773 862 830 liquere
889 783 1067 830 poetae;
1358 775 1442 820 285

130 855 225 897 Nec
252 853 474 896 minimum
503 868 698 897 meruere
727 853 890 905 decus,
918 855 1096 910 vestigia
1124 855 1290 896 Graeca

132 935 243 977 Ausi
268 933 502 984 deserere,
530 942 576 976 et
604 932 833 974 celebrare
861 931 1099 975 domestica
1128 934 1263 984 facta3

132 1014 219 1056 Vel
245 1015 319 1071 qui
347 995 618 1070 praetextas,
644 1013 718 1055 vel
745 1014 819 1070 qui
850 1011 1041 1056 docuere
1069 1024 1244 1069 togatas.

132 1092 228 1134 Nec
254 1080 417 1134 {rix-tute
446 1085 585 1143 foi-(st,
615 1085 801 1134 clarisve
829 1093 1051 1149 potentius
1079 1092 1240 1144 armis,

134 1171 273 1231 Quam
298 1169 468 1226 lingua,
498 1171 667 1213 Latium
685 1199 700 1222 ,
727 1171 762 1212 si
789 1185 876 1212 non
904 1170 1149 1214 offenderet
1175 1156 1328 1214 unuin·
1361 1171 1446 1217 290

79 1255 81 1260 ’
133 1253 362 1313 Quemque
390 1261 620 1309 poetarum
648 1251 781 1294 limae
808 1251 957 1304 labor,
986 1263 1031 1294 et
1057 1267 1190 1294 mora.
1218 1255 1333 1305 Vos,
1361 1261 1388 1296 ὸ

131 1327 374 1385 Pompilius
403 1328 598 1387 sanguis,
627 1342 799 1370 carmen
826 1327 1163 1385 reprehendite,
1202 1329 1321 1386 quod
1357 1344 1446 1373 nou

131 1405 278 1448 Multa
305 1403 428 1457 dies,
456 1415 502 1447 et
529 1405 665 1448 multa
693 1407 827 1448 litura
853 1407 1071 1458 coercuit,
1098 1417 1230 1463 atque

133 1489 386 1531 Perfectum
412 1485 556 1529 decies
583 1501 671 1528 non
699 1487 926 1541 castigavit
953 1485 1009 1528 ad
1037 1501 1233 1542 unguem.

135 1626 209 1664 pro
220 1615 395 1652 vexisse.
427 1614 523 1654 279*
546 1614 778 1669 immodicis
799 1613 867 1650 Vr.
882 1614 932 1650 K.
980 1614 1046 1648 280
1063 1613 1237 1650 Edocuit
1261 1614 1363 1651 V.H.
1375 1614 1445 1653 Vr.

137 1676 196 1712 D.
218 1675 291 1711 Vo.
315 1675 371 1716 B..
396 1675 482 1710 edit.
505 1675 632 1710 Venn.
659 1674 758 1712 1481.
786 1673 881 1711 1486.
907 1675 1001 1718 1490.
1036 1674 1135 1714 1495.
1171 1672 1266 1710 1⁵14.
1302 1675 1447 1712 Britan.

137 1739 238 1772 ¹520.
283 1738 349 1772 283
371 1735 484 1783 Leqe
504 1735 596 1783 reqi
611 1734 784 1784 diqnam
803 1735 1029 1780 Cuningam.
1055 1745 1107 1770 ex
1131 1746 1224 1770 aure
1249 1739 1334 1770 sua.

227 1801 322 1839 254*
357 1802 552 1848 Turpiter
578 1801 771 1839 obmutuit
802 1803 866 1838 Vr.
893 1804 939 1839 C.
990 1805 1082 1842 289·
1100 1803 1306 1853 clarisque
1335 1803 1383 1840 V.
1409 1804 1447 1840 S.

137 1863 205 1901 Vr.
222 1863 272 1901 G.
286 1863 331 1899 Κ.
355 1866 421 1903 292
440 1863 671 1911 reprendite
683 1862 783 1898 Cun.
799 1873 850 1898 ex
874 1863 1037 1908 ingenio.
1086 1863 1151 1903 292
1165 1864 1446 1901 Pramctum.

138 1924 252 1960 Hanc
289 1924 497 1960 lectionem
536 1924 727 1959 dederunt
759 1923 899 1959 Lamb.
940 1925 1039 1960 Dae.
1075 1925 1216 1969 Baxt„
1256 1932 1293 1960 et
1316 1924 1447 1961 Bentl.

141 1984 366 2020 auctoritate
389 1986 422 2020 2.
444 1994 539 2020 mss.
564 1983 726 2031 Cruquii
744 2011 755 2028 ,
781 1971 1111 2030 aiiqiiot‘Achillis
1137 1986 1261 2030 Statii,
1287 1990 1320 2020 1.
1347 1985 1447 2021 Mu-

140 2044 228 2089 reti,
249 2050 287 2079 et
311 2047 344 2079 1.
368 2043 535 2080 Vaticani
558 2045 658 2090 apud
686 2044 932 2080 Lambinum.
965 2046 1050 2091 Ipsa
1078 2051 1450 2091 quoquckconstru-

142 2105 227 2143 ctio*
252 2103 431 2140 Bentleio
465 2104 617 2147 videtur
640 2103 833 2149 flagitare,
866 2112 906 2140 ut
932 2105 1034 2148 hoc,
1060 2105 1339 2152 quodcumque
1365 2112 1448 2151 est,

141 2164 371 2201 adiectivum
387 2191 398 2206 ‚
422 2164 468 2199 ad
493 2164 584 2200 ittud
607 2175 781 2212 unquem
805 2165 1010 2201 referatur.
1041 2165 1133 2201 Ideo
1165 2173 1293 2201 autem
1320 2176 1449 2212 prae-

140 2229 297 2261 sectum
333 2233 521 2269 unguem:
556 2229 598 2259 ut
619 2224 702 2270 ipse
729 2229 813 2258 noff
832 2225 994 2270 scaber,
1021 2236 1098 2260 non
1123 2225 1356 2272 inaequalis3
1379 2226 1451 2262 sed

144 2283 259 2319 docta
282 2294 399 2319 manu
426 2295 523 2330 pene
555 2285 601 2320 ad
628 2285 759 2319 vivum
785 2276 986 2325 resectus.
1021 2292 1084 2320 aut
1107 2286 1268 2322 failentis
1293 2288 1448 2322 iunctu-

144 2354 209 2379 rae
235 2344 437 2388 irvoi·ein;
463 2350 526 2379 aut
549 2345 747 2383 minimam
765 2372 777 2389 ‚
810 2345 840 2380 si
865 2356 938 2391 qua
965 2352 1118 2390 exstet,
1161 2346 1354 2392 salebram
1393 2345 1450 2380 la-

146 2413 235 2450 psu,
261 2415 423 2440 morave
450 2406 667 2451 persentiat.
695 2406 794 2439 Cum
822 2406 980 2440 Acrone
1004 2412 1165 2441 tractam
1183 2406 1322 2440 fatetur
1341 2404 1450 2440 simi-

142 2462 342 2500 litudinem
373 2476 394 2500 a
428 2466 692 2501 marmorariis
708 2491 719 2510 ,
744 2466 809 2510 qui
833 2466 1028 2501 iuncturas
1051 2476 1298 2506 marmorum
1323 2470 1451 2509 ungue

146 2529 377 2570 pertentant.
425 2524 605 2560 Absurde
620 2551 633 2570 ‚
660 2532 697 2559 et
720 2524 1034 2562 contradictorie.
1059 2526 1160 2562 Rem
1185 2536 1258 2561 nos
1282 2526 1450 2570 calamo,

147 2593 227 2618 non
251 2573 443 2627 unguibus
458 2611 470 2629 ,
493 2585 760 2631 expediamus.
808 2586 907 2620 Ante
930 2586 1074 2631 dicam,
1099 2597 1163 2632 me
1188 2588 1225 2623 in
1250 2586 1357 2621 nulio
1374 2596 1451 2621 ms.

148 2651 202 2677 ex
228 2639 417 2678 Vaticanis
435 2650 697 2690 praesectum
720 2645 912 2693 reperisse
920 2658 934 2691 3
968 2652 1116 2683 tantum
1139 2646 1307 2683 habetur
1328 2647 1364 2682 in
1384 2645 1450 2682 Vr.
