1708 2938
276 156 333 203 42
720 159 1114 205 -SA'rxnnnuu

276 278 351 329 De
374 277 614 335 Capitolini
646 279 773 323 furtis
798 280 959 322 iniecta
984 280 1149 323 Petilli.

275 355 336 396 Το
358 369 504 397 coram
522 355 682 407 fuerin
711 355 947 407 defendas,
976 365 1026 398 ut.
1044 365 1142 397 tuus
1165 363 1230 397 est
1246 370 1352 398 mos.
1523 353 1579 399 95

273 430 352 473 Me
379 431 648 489 Cogitolinus
669 432 917 474 convictore
937 446 1036 475 usus
1051 459 1066 483 ,
1095 431 1318 487 amicoque

271 507 323 564 ,ἂιῚ
336 523 474 565 puero
495 519 585 552 est:
613 524 845 565 caussaque
865 523 961 550 mea
977 507 1192 565 permulta
1217 517 1392 562 rogatus

271 583 418 635 Γαίῃ
448 594 518 638 et,
546 576 803 637 incolun‘ais,
831 583 997 636 laetor,
1027 583 1144 641 quod
1171 584 1278 626 vivit
1304 583 1366 632 im
1378 582 1525 626 Urbe:

272 662 360 704 Sed
382 672 526 705 tamen
554 662 771 714 admiror,
798 676 885 719 quo
903 671 1031 720 pacto
1062 660 1276 705 iudicium
1301 659 1419 712 illud

271 741 466 797 Fugerit.
492 743 577 784 Hic
602 741 751 797 nigrae
778 741 902 784 fucus
919 740 1164 797 louiginis,
1190 740 1298 782 haec
1325 748 1393 783 est
1501 743 1584 786 100

269 874 467 922 Liviam,
490 875 538 912 id
548 881 607 913 est
627 876 800 913 invidus·
847 872 891 917 94
921 877 1172 925 Capitolinis.
1217 878 1262 916 95
1278 878 1297 900 ⁴¹
1319 856 1509 922 defffdis
1530 873 1583 913 V·

269 937 324 974 D.
350 949 373 974 a
395 940 427 974 2.
453 948 505 973 m.
532 937 603 974 Ba.
628 939 676 973 A.
700 937 891 984 defenses
916 937 1082 983 Cuning.
1106 948 1241 973 amore
1267 936 1461 973 novitatis.
1549 931 1552 937 ’
1574 935 1581 947 “

360 1030 424 1063 100
449 1025 612 1072 *sucus
637 1026 704 1062 Vr.
728 1026 774 1062 Β,
800 1037 923 1063 sucus
947 1025 993 1062 V.
1017 1025 1064 1062 Β.
1093 1026 1139 1063 C.
1163 1025 1218 1062 D.
1245 1024 1294 1062 E.
1324 1025 1379 1063 G.
1404 1024 1435 1062 1.
1453 1023 1586 1071 M.N.

270 1086 339 1124 Vr.
359 1086 410 1124 E.
437 1086 477 1123 F.
504 1086 557 1123 G.
585 1087 632 1124 Η.
659 1086 708 1123 K.
732 1099 751 1124 a
776 1089 809 1122 2.
836 1098 887 1123 m.
912 1086 986 1133 Vp.
1009 1087 1058 1122 A.
1083 1086 1127 1123 C.
1153 1086 1194 1122 F.
1222 1085 1296 1123 Ch.
1323 1087 1373 1123 A.
1397 1087 1475 1122 An.
1500 1087 1586 1128 Aa

266 1152 305 1185 Ἰ.
329 1159 382 1184 m.
407 1148 454 1184 B.
479 1160 500 1183 a
523 1155 555 1184 1.
580 1159 633 1183 m.
658 1148 732 1184 Va.
764 1148 815 1184 A.
842 1159 863 1183 a
888 1150 921 1183 1.
957 1157 1012 1183 m.
1038 1146 1110 1192 C.‚
1144 1146 1204 1182 alii
1240 1153 1318 1182 tres
1352 1155 1451 1182 mss.
1484 1143 1586 1192 apud

272 1208 415 1245 Oberi.
453 1208 674 1255 Porphyrio
710 1199 783 1244 nis.
817 1208 894 1243 Vo.
931 1212 969 1243 et
1001 1207 1075 1244 Ch.
1110 1219 1232 1244 sucus
1265 1207 1498 1256 lolliqinis,·
1521 1207 1586 1245 ed.

269 1266 370 1304 Ven.
400 1266 501 1308 1479.
529 1269 632 1305 Flor.
657 1273 756 1305 1482.
779 1267 968 1314 Exsuco
987 1295 1000 1314 ‚
1024 1268 1100 1304 levi
1124 1268 1362 1314 mutatione,
1387 1275 1498 1307 ortus
1510 1255 1588 1305 Χ,πιε-

273 1341 376 1375 (τως
407 1336 444 1366 et
476 1340 529 1366 ex
551 1330 630 1365 hoc
664 1330 712 1365 ab
737 1329 876 1374 ignaris
899 1328 1160 1374 grammaticis
1186 1328 1308 1363 factus
1331 1339 1476 1365 succus
1498 1328 1588 1364 vul·

270 1397 381 1436 gatae
414 1390 601 1426 lectionis-
654 1390 697 1426 In
732 1390 846 1426 citato
884 1390 951 1426 Vr.
981 1390 1025 1425 Β.
1056 1395 1172 1424 vetus
1197 1388 1433 1424 Scholiastes
1446 1393 1590 1439 potat:

261 1449 420 1497 sucus,
441 1450 488 1486 id
507 1455 566 1487 est
587 1450 727 1493 virus-,-
753 1457 790 1486 et
813 1451 931 1487 alius:
957 1460 1098 1486 sucum
1135 1452 1371 1484 atramento
1397 1447 1586 1485 similem.

269 1509 386 1547 Hune
409 1520 573 1546 succum
598 1510 775 1553 iolliginis
801 1509 853 1551 (si
875 1519 1021 1546 succus
1043 1508 1117 1544 dici
1143 1512 1287 1555 potest)
1312 1508 1389 1543 iam
1411 1507 1512 1544 Plin.
1533 1507 1584 1548 H,

270 1569 328 1607 N.
356 1570 426 1606 lX.
452 1572 506 1610 29.
531 1573 810 1606 atramentum
832 1569 1007 1610 dixeram
1033 1574 1071 1603 et
1093 1568 1208 1604 virus
1233 1567 1349 1604 ovid.
1367 1569 1451 1604 sive
1469 1566 1584 1606 Grat.

271 1629 446 1667 Faliscus
469 1630 634 1667 Halieut.
659 1630 734 1665 1⁵4.
758 1640 870 1676 seq.:
905 1628 964 1664 Ee
993 1629 1161 1677 niqrum
1193 1628 1310 1664 niveo
1337 1631 1518 1674 portans
1543 1627 1589 1666 in

271 1700 445 1738 corpore
470 1691 583 1726 virus
613 1689 780 1738 Lolligo
790 1703 812 1732 ;
846 1695 884 1724 et
919 1689 1034 1725 virus
1062 1689 1224 1733 exponit
1244 1688 1394 1724 Acron.
1418 1686 1591 1724 Materia

273 1750 483 1794 colorans,
509 1756 551 1785 ut
574 1750 705 1793 aiunt,
730 1749 812 1784 sive
837 1758 889 1783 ex
913 1756 1035 1792 reguo
1059 1747 1239 1792 animali,
1275 1747 1358 1782 sive
1384 1756 1437 1782 ex
1461 1746 1592 1782 mines·

271 1810 366 1855 rali,
389 1811 471 1847 sive
499 1820 551 1846 ex
574 1809 803 1854 vegetabili,
827 1807 920 1854 quin
944 1815 981 1842 et
1005 1808 1118 1844 color
1139 1807 1221 1854 ipse
1236 1833 1248 1852 ,
1267 1806 1398 1851 fucus
1420 1816 1588 1851 genera-

272 1871 362 1908 liter
384 1871 542 1915 dicitur;
567 1870 669 1906 unde
694 1870 810 1905 etiam
825 1867 1015 1913 fucatus.
1063 1866 1224 1904 Lucret.
1260 1866 1309 1902 Π.
1337 1865 1438 1904 744.;
1474 1854 1594 1901 Scire

273 1930 368 1966 licet
387 1930 513 1965 menti
532 1940 685 1978 quoque
711 1932 883 1964 nostrae
905 1937 1104 1973 corporae
1122 1937 1246 1974 posse
1266 1927 1388 1962 Verti
1410 1926 1455 1962 in
1484 1924 1593 1961 noti-

270 1991 374 2027 tiam
393 1990 508 2026 nullo
529 1989 765 2026 circumlita
777 1987 900 2034 suco.
925 1987 991 2023 1v.
1016 1989 1095 2023 82.:
1122 1988 1243 2035 Erqo
1260 1987 1392 2024 lintea
1407 1985 1455 2021 de
1475 1996 1592 2021 sum-
1648 2037 1651 2041 v

271 2059 341 2085 mo
360 2059 483 2097 quum
508 2059 680 2095 corpore
690 2048 842 2092 fucum
863 2047 1055 2082 Mittunt.
1082 2046 1268 2094 Quinctil.
1292 2046 1388 2082 Inst.
1410 2045 1484 2081 Or.
1498 2044 1593 2083 ΧΠ.

273 2113 326 2146 10.
351 2110 434 2147 75.:
486 2108 538 2144 Ut
556 2109 659 2145 lana
680 2110 812 2145 tincta
827 2108 939 2155 fuco
966 2108 1083 2144 ‘citra
1094 2117 1329 2153 purpuram
1352 2104 1504 2151 placet.
1551 2105 1590 2141 S.
1610 2130 1613 2135 -
1657 2123 1663 2128 «

272 2169 465 2204 Ambros.
489 2168 687 2206 Hexaem.
711 2169 758 2205 V.
783 2176 858 2206 11.:
884 2172 1070 2206 Aureum
1085 2167 1209 2202 etiam
1224 2165 1353 2201 vellus
1374 2175 1484 2214 aqua
1507 2175 1586 2206 nu,-

271 2229 346 2265 trit
356 2242 377 2272 ,·
403 2233 440 2263 et
454 2228 600 2264 lanam
621 2230 665 2264 in
682 2230 902 2265 memorati
922 2228 1096 2275 speciem
1125 2225 1286 2262 metalli
1316 2225 1494 2274 qiqmmt
1514 2224 1587 2261 lit-

271 2292 390 2333 tora,
425 2289 538 2325 cuius
565 2289 742 2324 colorem
771 2288 910 2325 nullus
938 2288 1069 2327 adhuc
1098 2298 1239 2323 eorum
1251 2313 1265 2331 ,
1293 2287 1363 2334 qui
1383 2285 1497 2327 sucis
1516 2286 1583 2329 di-

269 2349 402 2386 versis
431 2347 628 2386 obducunt
666 2348 844 2394 vellera,
877 2349 1036 2386 imitari
1060 2349 1206 2395 potuit.
1252 2346 1304 2383 Et
1335 2346 1451 2396 paulo
1475 2351 1588 2393 post:

269 2409 355 2445 Hic
375 2408 587 2444 naturalis
606 2409 720 2444 color
739 2415 812 2454 est,
836 2421 953 2458 quem
976 2409 1114 2446 nullus
1140 2406 1414 2454 adhucfucus
1433 2416 1590 2455 aequa·

271 2469 352 2505 vit:
373 2468 451 2504 lzoc
471 2480 625 2517 quoque
640 2470 782 2515 pinnis
805 2475 864 2505 est
883 2469 1019 2506 vellus.
1047 2469 1142 2504 Vide
1167 2475 1205 2504 et
1227 2474 1405 2505 nostrum
1430 2466 1504 2503 111.
1523 2465 1588 2502 od.

274 2533 308 2565 5.
330 2532 385 2568 28.
409 2530 441 2566 1.
465 2536 536 2565 sat.
558 2533 592 2565 2.
621 2531 678 2565 83.
698 2529 728 2566 1.
754 2530 862 2577 epist.
885 2534 938 2566 10.
963 2531 1016 2568 27.
1039 2529 1088 2565 11.
1106 2529 1215 2575 epist.
1233 2533 1268 2564 1.
1298 2528 1374 2566 207.
1423 2530 1487 2563 100
1510 2517 1590 2562 lot-³

276 2589 416 2640 liqinis
434 2588 479 2628 V.
496 2589 538 2627 C.
557 2589 614 2626 N.
637 2590 708 2628 Vr.
731 2590 777 2627 B.
801 2590 873 2638 Vp.
900 2590 942 2629 F.
962 2589 1039 2627 An.
1058 2589 1108 2627 B.
1133 2588 1292 2627 Rectius
1306 2615 1318 2634 ‚
1352 2597 1472 2635 quam
1497 2585 1592 2628 toli.

1680 1932 1690 1950 l
