1708 2938
186 195 199 214 ·
577 181 760 220 Lmen
789 180 824 220 1.
881 182 921 223 9.
1356 174 1410 218 75

101 307 356 353 Iamdudum
376 306 532 350 videet
565 306 645 349 sed
663 307 732 350 nil
754 307 871 363 agis:
901 322 1038 364 usque
1061 307 1248 363 teneb03
1358 307 1412 357 25

99 391 355 449 Persequar.
378 391 505 441 Hinc,
518 405 605 446 quo
621 389 832 435 nancitor
847 398 914 430 est
929 386 1045 437 tihi?
1073 386 1161 438 Nil·
1171 401 1278 443 opus
1290 395 1356 427 est
1367 394 1412 434 te

100 466 366 520 circumagi:
396 464 628 522 quemdam
653 465 753 508 volo
778 465 947 516 visere,
985 479 1071 506 non
1099 462 1184 506 tibi
1211 473 1386 514 notum,

100 548 237 588 Trans
265 545 474 588 Tiberina
500 545 630 600 longe
655 546 786 588 cubat
799 546 854 596 is,
873 559 1014 602 prope
1037 544 1231 586 Caesaris
1252 544 1415 585 hortos.

101 621 182 665 Nil
210 621 349 665 habeo
375 620 496 680 quod
518 635 665 676 agam,
695 631 740 663 et
769 635 858 663 non
885 635 979 663 sum
1010 621 1162 678 piger3
1191 634 1328 676 usque
1350 634 1416 661 se-

632 714 742 756 quar
765 710 826 741 te.

98 778 300 820 Demitto
319 777 560 829 auriculas,
586 788 636 820 ut
661 779 840 835 iniquae
865 777 1024 819 mentis
1051 776 1241 828 asellus,

100 857 242 916 Quum
260 856 432 911 gravius
454 853 585 898 dorso
607 853 744 898 subiit
766 870 886 900 onus.
914 855 1078 911 Incipit
1094 853 1204 895 ille:

98 935 146 975 Si
166 933 280 977 hene
306 951 376 977 me
396 937 498 977 novi
511 966 527 988 ,
557 951 646 978 non
668 937 847 978 Viscum
868 934 1014 992 pluris
1035 935 1222 975 amicum
1236 961 1252 985 ,

97 1012 198 1061 Non
215 1012 395 1054 Varium
416 1013 579 1054 facies:
609 1027 709 1053 nam
731 1012 830 1069 quis
859 1027 927 1054 me
956 1009 1152 1053 scribere
1181 1009 1350 1067 plures,

99 1088 193 1130 Aut
217 1088 346 1129 citius
370 1089 509 1144 possit
530 1087 712 1130 versus?
741 1089 837 1144 quis
860 1086 1054 1129 membra
1081 1101 1256 1128 movere

98 1163 283 1207 Mollius
294 1163 315 1204 ’ἐ
332 1163 526 1206 invideat
544 1162 663 1220 quod
678 1173 723 1205 et
734 1165 1046 1218 Hermogenes,
1067 1177 1146 1217 ego
1160 1171 1303 1204 canto.
1359 1161 1413 1206 25
1489 1193 1492 1203 1

98 1240 418 1298 Interpellandi
444 1241 566 1283 loeus
591 1241 666 1282 hic
689 1249 810 1282 erat:
842 1251 908 1282 est
928 1239 1012 1281 tihi
1034 1238 1206 1282 mater?

99 1319 295 1375 Cognati,
315 1318 414 1375 quis
434 1330 479 1362 te
498 1319 619 1361 salvo
642 1330 710 1362 est
722 1335 830 1376 opus
843 1319 863 1360 ἓ
889 1319 1014 1361 Haud
1034 1319 1145 1361 mihi
1160 1318 1413 1376 quisquam:

101 1397 261 1438 Omnes
283 1397 521 1453 composui.
577 1395 776 1439 Felices!
808 1411 921 1439 nune
942 1411 1022 1452 ego
1042 1406 1171 1438 resto.

102 1469 299 1524 Confic‘e3
329 1489 512 1531 namque
538 1471 671 1515 instat
696 1475 834 1515 fatum
860 1474 977 1515 mihi
1000 1474 1153 1524 triste,
1182 1471 1359 1515 Sabella

99 1550 228 1614 Quod
250 1566 388 1608 puero
411 1552 572 1593 cecinit
594 1551 742 1594 divina
768 1561 884 1593 mota
906 1565 1010 1594 anus
1041 1564 1173 1593 urna:
1361 1551 1415 1595 30

115 1706 121 1712 -
190 1682 234 1720 16
249 1685 488 1732 Persequar
513 1686 555 1719 V·
567 1686 670 1722 A.B.
682 1687 728 1722 C.
743 1686 797 1723 D.
812 1687 860 1723 K.
878 1687 933 1722 N.
947 1687 1014 1722 Vr.
1026 1690 1074 1723 A.
1093 1699 1114 1723 a
1131 1690 1167 1724 2.
1180 1699 1232 1723 m.
1246 1689 1288 1724 C.
1303 1688 1414 1725 EG.

103 1743 238 1790 H.Vp.
251 1745 300 1780 A.
311 1744 365 1780 D.
382 1745 457 1780 Ch.
472 1744 518 1781 Β.
528 1745 598 1781 Va.
613 1747 664 1781 A.
680 1745 726 1781 C.
743 1746 813 1781 Ba.
825 1748 876 1783 A.
893 1746 960 1792 Β.,
981 1748 1043 1782 alii
1068 1758 1162 1783 mss.
1187 1749 1287 1793 apud
1311 1748 1413 1791 Val.‚

99 1804 189 1840 edit.
213 1803 343 1841 Ptine.
378 1804 490 1841 Med.
515 1801 613 1843 1476.
651 1804 778 1842 vena.
812 1805 911 1846 1479.
938 1805 1034 1844 1481.
1060 1806 1158 1844 1483.
1186 1806 1286 1847 1490.
1311 1807 1413 1847 1492.

100 1860 202 1904 1495.
233 1867 334 1901 1552.
363 1867 464 1902 1573.
495 1865 597 1902 Flor.
633 1865 733 1901 1482.
763 1865 895 1903 Basin.
932 1869 1036 1904 1527.
1069 1870 1165 1904 1531.
1189 1871 1286 1904 ¹580.
1313 1867 1414 1904 Frib.

100 1916 201 1960 1536.
236 1924 360 1961 Dion.
397 1925 447 1960 ab
487 1925 629 1961 Han-sio
660 1925 787 1970 Lugd.
819 1929 920 1963 1533.
956 1927 1110 1975 Gryph.
1147 1928 1247 1965 15⁶6.
1273 1929 1416 1966 Lamb.

98 1982 222 2020 Torr.
244 1984 351 2021 Dan.
376 1985 511 2022 Heius.
537 1985 662 2021 Chab.
691 1985 841 2022 Dacer.
863 1986 979 2023 Baxt.
997 1988 1119 2026 Gesn.
1134 1989 1415 2025 Oberl.Com·

97 2042 175 2088 be,
197 2042 470 2090 innumerique
496 2045 571 2080 alii.
596 2045 837 2092 Persequor
861 2047 927 2083 Vr.
952 2050 1039 2085 A.a
1054 2053 1087 2086 1.
1102 2061 1172 2094 m.,
1200 2050 1287 2086 edit.
1313 2050 1413 2088 Ven.

100 2104 202 2142 1⁵09.
247 2104 489 2153 Prosequor
511 2105 556 2140 V.
569 2104 618 2140 E.
632 2104 827 2141 Vr.B.D.
840 2106 883 2143 F.
907 2108 957 2144 K.
978 2109 1103 2156 Vp.c.
1118 2109 1157 2145 F.
1177 2109 1313 2147 Ch.A.
1333 2111 1411 2145 An.

18 2191 27 2195 .
98 2164 152 2199 A.
165 2162 227 2208 Β.,
252 2164 312 2200 alii
336 2175 431 2201 mss.
455 2167 555 2212 apud
590 2166 712 2212 Cruq.
752 2165 880 2201 Bentl.
910 2166 1014 2212 Vah,
1038 2169 1164 2205 Aldus
1187 2172 1285 2205 ¹501.
1311 2171 1412 2208 1519.

101 2222 212 2264 lunta
247 2225 347 2260 1503.
381 2226 545 2270 Argent.
581 2229 684 2269 1⁵¹4·
717 2225 820 2261 Frib.
863 2226 960 2263 1536.
972 2240 985 2272 3
1010 2228 1242 2274 reproduxit
1266 2229 1411 2274 Bentl„

99 2282 187 2323 inde
212 2283 309 2320 Cun.
333 2284 420 2321 san.
442 2285 548 2324 Phil.
572 2285 734 2322 Wakef.
760 2285 963 2332 [Bodon.]:
977 2288 1045 2323 sed
1063 2288 1299 2337 prosequar
1320 2290 1413 2326 offi-

100 2343 245 2379 ciosius
268 2351 396 2390 esset,
432 2357 550 2393 quam
586 2352 796 2384 contextus
821 2349 990 2395 postulat
1011 2349 1050 2386 in
1071 2350 1234 2386 homine
1259 2352 1413 2396 impor-

98 2410 218 2441 tuno:
237 2416 469 2456 pet-sequar
490 2415 550 2443 est
572 2409 767 2444 minarum
794 2410 1107 2454 praecedentium
1119 2421 1285 2447 summa.
1296 2411 1409 2447 Bslale.

100 2462 216 2499 etiam
237 2469 362 2500 totum
387 2477 547 2503 versum
570 2468 860 2515 imm-pungunt.
904 2473 949 2506 20
972 2471 990 2489 *
1015 2475 1060 2507 ut
1088 2472 1238 2508 mentis
1261 2472 1413 2509 asellus

102 2522 268 2573 iniquae
297 2524 368 2562 Va.
406 2528 460 2563 A.
528 2531 569 2563 21
595 2531 613 2549 *
636 2530 752 2566 Dum
788 2531 960 2579 qravius
982 2531 1117 2575 dorso.
1141 2532 1215 2578 Vp.
1238 2532 1279 2568 F.
1325 2535 1368 2570 27
1396 2532 1412 2551 ‘

108 2584 257 2636 Quibus
289 2592 348 2623 est
378 2593 416 2622 te
451 2588 567 2625 salvo
601 2601 700 2638 opus
721 2591 791 2626 Vr.
817 2591 868 2628 G.
915 2593 959 2627 28
982 2598 998 2615 ·
1022 2593 1235 2639 compositi
1259 2592 1328 2639 Vp.
1353 2593 1412 2630 D.

189 2646 234 2681 30
255 2652 368 2684 mota
391 2648 530 2686 divina
554 2661 660 2688 anus
683 2651 814 2692 Beati.
843 2662 895 2690 ex
917 2654 1141 2690 coniectura
1168 2654 1352 2701 Cruquh‘,
1378 2662 1414 2690 et
