1708 2938
278 179 361 226 176
750 185 1097 227 Summum

275 298 528 347 committes
554 317 646 347 rem
668 318 843 347 vomnem
860 333 875 356 ,
912 314 957 347 et
990 306 1152 358 vitam,
1189 317 1235 350 et
1267 319 1363 351 cum
1389 308 1586 365 corpore*

798 382 970 423 famam.

228 482 231 485 κ
274 453 454 498 Evasti?
483 455 636 508 credo,
665 466 887 506 metueus3
918 455 1156 514 doctusque
1178 457 1362 501 cavebis.

275 533 490 593 Quaeres,
517 531 690 589 quando
711 532 871 574 iterum
890 548 1073 590 paveas,
1100 526 1345 592 stet-umque
1366 536 1513 593 perire

273 609 430 652 Possis.
487 611 522 649 Ο
546 609 674 651 toties
694 608 872 652 servus!
903 625 1013 666 quae
1035 609 1185 653 bellua
1210 613 1351 669 ruptis
1521 613 1576 655 70

274 689 418 749 Quum
441 687 575 730 semel
599 689 749 743 effugit
768 717 783 740 ‚
810 687 960 730 reddit
976 703 1024 730 se
1042 704 1175 746 prava
1205 689 1398 731 catenis?

274 763 374 806 Non
400 778 494 807 sum
521 765 753 816 moechus,
778 764 856 806 ais.
925 765 1078 821 Neque
1107 779 1184 820 ego
1201 794 1215 817 ,
1246 765 1456 817 hercule,
1485 757 1574 817 fur,

798 841 876 882 ubi
902 856 1000 883 vasa

272 915 504 959 Praetereo
528 917 697 974 sapiens
714 927 927 972 argentea.
984 917 1111 959 Tolle
1138 918 1380 975 periclum3

274 994 365 1035 lam
386 1008 488 1049 vaga
509 986 710 1050 prosiliet
732 994 867 1036 frenis
891 1004 1045 1037 natura
1067 996 1257 1038 remotis.

275 1073 396 1114 Tune
411 1070 522 1112 mihi
535 1069 756 1121 dominus;
776 1086 921 1114 rerum
936 1071 1152 1129 imperiis,
1168 1072 1493 1130 hominumque,
1520 1071 1574 1115 75

275 1149 389 1200 Τοῐζ,
418 1148 637 1204 tantisque
655 1147 828 1189 minor?
857 1163 984 1204 quem
1004 1159 1070 1190 ter
1093 1147 1308 1201 vindicta,
1335 1159 1576 1207 quaterque

271 1223 481 1280 Imposita
501 1221 615 1264 haud
641 1237 841 1279 umquam
865 1224 1020 1265 misera
1048 1223 1284 1267 formidine
1312 1225 1458 1282 privet
1473 1224 1493 1265 3

272 1298 403 1343 Adde
423 1313 582 1356 super,
609 1296 741 1340 dietis
763 1296 880 1355 quod
900 1314 985 1340 non
1013 1297 1151 1342 levius
1174 1301 1340 1342 valeat:
1369 1315 1465 1341 nam
1479 1329 1495 1352 ,

361 1401 403 1439 67
428 1401 445 1420 ”
473 1402 698 1438 Committis
719 1402 768 1437 V.
794 1401 840 1438 B.
868 1399 934 1437 Ba.
960 1401 1004 1437 B.
1029 1402 1099 1438 Va.
1125 1401 1168 1438 C.
1214 1400 1256 1438 67
1280 1401 1296 1420 ⁴*
1320 1401 1462 1445 vitam,
1484 1399 1592 1438 cum*

275 1473 445 1507 corpore
465 1461 536 1498 Ba.
560 1461 608 1498 B.
654 1459 697 1496 68
722 1461 865 1504 credo,
894 1465 1074 1497 metuens
1099 1459 1145 1496 V.
1171 1460 1218 1496 B.
1243 1460 1291 1497 Κ.
1314 1461 1382 1496 Vr.
1407 1462 1453 1496 Β.
1478 1460 1529 1497 Ε.
1553 1473 1577 1497 a

274 1524 308 1558 2.
332 1532 387 1558 m.
417 1521 456 1557 F.
482 1520 533 1556 H.
557 1532 578 1555 ει
601 1527 636 1556 1.
661 1531 716 1555 m.
742 1519 791 1555 K.
818 1519 893 1555 Ch.
918 1520 967 1555 Α.
1001 1520 1072 1556 Va.
1113 1522 1185 1566 A.,
1219 1522 1306 1559 edit,
1341 1521 1438 1558 Ven.
1473 1521 1573 1559 1512.

273 1581 472 1618 Nimirum
487 1607 500 1625 ,
525 1579 692 1615 evasisti
719 1584 927 1622 metuens;
953 1585 995 1614 ut
1016 1583 1197 1616 metuens
1215 1580 1419 1618 induceris
1441 1593 1479 1618 v.
1499 1581 1574 1627 564

272 1642 392 1689 idque
416 1641 630 1677 evidentius
655 1642 755 1686 patet
779 1649 831 1674 ex
854 1650 894 1675 v.
916 1650 1020 1685 seq„
1046 1640 1209 1685 quando
1227 1640 1375 1676 iterum
1395 1643 1574 1690 paveas,-

275 1701 383 1748 quod
416 1699 546 1736 inutile
579 1705 707 1742 esset,
743 1700 774 1736 si
806 1699 880 1735 iam
905 1699 1065 1734 dixisset
1087 1704 1252 1736 metues.
1281 1700 1364 1741 Vid.
1389 1701 1420 1736 Ι.
1444 1707 1515 1737 sat.
1540 1702 1574 1737 2.
1633 1733 1638 1744 ,

273 1764 353 1797 131.
377 1759 439 1796 ΑΙ.
466 1758 598 1804 [Bod.]
624 1758 768 1802 credo,
798 1763 958 1794 metues.
989 1758 1180 1804 Metues,
1213 1760 1332 1796 credo
1361 1760 1484 1796 Bentl·
1509 1771 1574 1796 at·-

272 1820 409 1867 gutii83
437 1820 525 1857 inde
561 1819 658 1854 Cun.
682 1818 794 1854 Phil.
825 1819 909 1855 Vat.
942 1818 1080 1854 Obert.
1108 1819 1263 1856 Wakef.
1315 1820 1359 1859 69
1397 1819 1573 1870 Quaeris

275 1880 342 1917 Vr.
375 1879 428 1917 G.
453 1892 472 1915 a
498 1883 527 1914 ¹.
553 1890 606 1915 m.
634 1878 679 1914 H.
707 1881 782 1913 An.
809 1877 878 1922 13.,
920 1877 1014 1913 alius
1050 1889 1125 1913 ms.
1159 1879 1258 1924 apud
1284 1879 1438 1922 Pulm.;
1462 1887 1499 1915 et
1523 1879 1574 1916 ita

276 1940 376 1976 Cun.
399 1944 416 1962 ⁴*
444 1939 525 1975 Dic
557 1938 660 1974 mihi
684 1937 846 1985 quando
879 1936 942 1972 Vr.
976 1935 1004 1972 1.
1031 1947 1080 1971 ex
1114 1937 1360 1982 glossemate.
1425 1939 1466 1976 71
1490 1937 1509 1955 ⁹
1531 1947 1576 1974 se
1602 1972 1612 1975 ,⁷

272 1999 411 2036 reddit
435 1999 503 2035 Vr.
530 1998 582 2035 G.
613 1998 751 2033 reddet
771 2008 816 2032 se
838 1997 884 2032 V.
909 1997 959 2033 G.
982 1996 1045 2032 M.
1071 1996 1137 2033 Ba.
1161 1995 1207 2031 B.
1225 2020 1237 2037 ,
1270 1995 1329 2032 atii
1353 2006 1448 2034 mss.
1473 1996 1574 2043 apud

270 2058 413 2095 Lamb.
460 2058 500 2094 71
527 2054 720 2104 effuyetic
741 2054 809 2092 W.
833 2056 880 2100 L,
903 2067 974 2091 ms.
998 2065 1096 2090 unus
1119 2067 1177 2101 ap.
1203 2055 1343 2092 Obert.

357 2127 399 2164 77
415 2126 557 2172 privat
574 2126 642 2161 Vr.
666 2124 714 2161 E.
741 2126 814 2162 Ch.
833 2125 882 2162 A.
898 2137 919 2160 a
941 2128 974 2161 1.
996 2135 1064 2168 m.,
1089 2124 1148 2160 alii
1173 2135 1268 2159 mss.
1293 2123 1392 2170 apud
1407 2122 1572 2160 Combe.

358 2205 400 2242 78
424 2204 528 2239 adde
541 2214 664 2250 super
677 2203 779 2239 V.A.
794 2203 824 2238 B
851 2205 910 2238 a2.
923 2213 973 2238 m.
987 2201 1036 2238 E.
1052 2202 1100 2237 K.
1115 2205 1238 2237 a2.m.
1252 2201 1318 2238 Vr.
1330 2202 1375 2237 E.
1389 2202 1440 2238 H.
1457 2202 1487 2238 1.
1501 2201 1574 2248 Vp.

272 2263 379 2302 C.F..
398 2263 471 2300 Ch.
498 2266 545 2299 A.
572 2264 634 2306 B„
651 2265 804 2308 antiqua
828 2272 963 2298 manus
986 2272 1038 2297 ex
1061 2272 1136 2298 me.
1160 2262 1196 2297 in
1223 2272 1291 2297 ora
1309 2261 1571 2297 edit.Atdinae

272 2325 372 2362 1⁵¹9.
403 2322 440 2358 in
473 2322 715 2358 Bibliotheca
740 2322 945 2366 Angelica,
980 2322 1039 2356 alii
1064 2332 1159 2357 mss.
1184 2322 1282 2368 apud
1307 2321 1451 2365 Palm„
1479 2321 1571 2358 edit.

269 2383 372 2419 ven.
397 2378 495 2418 1481.
520 2382 606 2416 1485
643 2382 770 2427 15¹6.;
796 2383 958 2417 restituit
982 2391 1033 2416 ex
1057 2392 1152 2417 mss.
1177 2380 1387 2423 Remmius,
1410 2385 1446 2415 et
1470 2379 1571 2416 bene

271 2441 488 2486 distinguit,
513 2441 615 2476 adde
629 2451 776 2487 super,
806 2441 948 2478 dictis:
976 2448 1194 2487 sequuntur
1216 2440 1314 2475 Cun.
1338 2439 1454 2477 Baxt.
1479 2440 1573 2477 San.

272 2500 398 2537 Gesn.
436 2501 574 2537 Oberl.
609 2501 760 2536 Combe
781 2528 792 2546 ,
827 2501 985 2537 Wakef.
1019 2501 1082 2536 Al.
1119 2500 1221 2536 adde
1256 2510 1385 2545 supra
1423 2498 1570 2544 dictis,

271 2561 389 2608 quod.
444 2587 447 2589 -
1375 2563 1380 2571 “

357 2628 400 2665 78
423 2623 441 2644 ⁴*
466 2626 574 2674 quod
589 2638 672 2663 nen
692 2627 828 2663 valeat
851 2627 975 2663 levius
1000 2626 1074 2673 Vp.
1102 2626 1147 2662 C.
