1708 2938
825 150 850 164 N

245 188 297 232 52
725 188 1061 228 Sarranum

245 312 386 373 Quum
411 310 571 353 Pedius
592 326 761 353 caussas
784 310 985 362 exsudet,
1013 310 1240 367 Poplicola
1254 339 1268 362 ,
1296 305 1426 367 atque

242 389 478 439 Corvinus;
507 389 662 445 patriis
687 389 984 430 intermiscere
1004 388 1142 443 petita

241 464 383 506 Verba
408 466 512 507 foris
535 466 684 516 malis,
718 465 923 506 Canusini
951 478 1069 505 more
1091 452 1334 517 bilinguis?
1495 467 1552 509 30

241 543 393 598 Atqui,
419 555 498 597 ego
524 543 653 599 quum
676 544 864 583 Graecos
888 542 1092 592 facerem,
1108 535 1242 581 ‘natus
1274 555 1393 581 mare
1423 526 1564 594 εἰπε(

242 616 488 659 Versiculos
503 646 518 666 ,
546 618 684 658 vetuit
718 631 786 656 me
807 616 888 657 tali
910 630 1016 657 voce
1039 616 1272 677 Quirinus,

240 692 342 732 Post
359 691 545 733 mediam
571 702 742 732 noctem
765 691 881 733 visus
895 719 911 741 ‚
941 706 1074 747 quum
1093 693 1256 733 somnia
1273 705 1400 733 vera:

238 769 289 810 In
308 769 460 810 silvam
478 783 564 810 non
587 768 701 823 ligna
727 769 843 810 feras
867 767 1059 810 insanius
1072 795 1086 818 ,
1115 780 1164 807 ac
1183 768 1221 808 si

238 915 405 952 verbum
433 915 599 951 exsudet
623 915 822 962 pertineat.
866 914 941 950 Sed
963 924 1082 949 nemo
1106 924 1191 949 rem
1215 915 1346 959 tangit.
1390 913 1548 951 Latine

239 976 394 1023 quidem
422 976 626 1020 legendnm
653 981 770 1021 puto;
798 975 886 1021 quia
910 974 974 1009 hic
997 979 1055 1010 est
1078 974 1194 1010 totius
1219 980 1426 1009 contextus
1449 984 1543 1009 sen·-

237 1046 318 1072 sns.
375 1036 465 1079 Tu,
497 1034 619 1080 inquit
651 1034 858 1078 Horatius,
892 1035 1034 1069 oblitus
1070 1034 1240 1080 patriae,
1271 1038 1311 1070 'et
1333 1034 1450 1081 patris
1474 1034 1543 1078 tui,

238 1097 303 1141 qui
338 1095 470 1130 Latine
503 1093 768 1140 loquebatun‘
797 1094 862 1140 qni
898 1101 936 1128 te
965 1095 1071 1140 loqui
1102 1094 1237 1129 Latine
1272 1094 1545 1140 docuit3‘quin

238 1156 380 1198 etiam,
418 1155 510 1190 dum
547 1154 719 1196 Pedius,
750 1153 974 1200 Poplicola,
1010 1162 1125 1200 atque
1160 1155 1356 1191 Corvinus
1387 1163 1545 1198 caussas

238 1216 442 1250 exsudant
470 1214 650 1256 Latine;
688 1213 722 1247 id
755 1220 840 1256 est,
876 1214 988 1249 anxie
1020 1215 1172 1250 solliciti
1197 1221 1309 1257 sunt,
1331 1225 1381 1249 ne
1406 1213 1541 1257 ullam,

236 1275 274 1310 in
306 1274 453 1309 caussis
486 1272 740 1320 perorandis,
773 1283 1048 1309 exuranearum
1075 1285 1229 1314 ,vocum
1250 1268 1543 1309 'admixtionem

237 1334 308 1370 sibi
335 1334 570 1379 permittaut3
596 1339 633 1367 tu
660 1331 795 1375 sotus,
820 1342 892 1366 seu
917 1333 1088 1378 primus,
1113 1334 1325 1369 defendens
1362 1342 1544 1367 caussam

238 1395 292 1429 rei
315 1394 457 1429 Petillii
474 1420 485 1438 ,
517 1393 580 1429 (de
613 1402 694 1436 quo
727 1401 841 1437 supra
880 1398 947 1427 sat.
973 1392 1006 1426 dt
1031 1393 1106 1434 94.)
1131 1394 1166 1428 in
1191 1394 1357 1437 linguam
1383 1390 1544 1437 patriam
1573 1426 1578 1438 ι

236 1453 355 1487 verba
389 1453 544 1490 Graeca
579 1451 743 1491 inferre,
779 1460 893 1497 atque
927 1453 1025 1488 adeo
1050 1454 1111 1488 illa
1138 1453 1402 1488 intermiscere
1427 1450 1541 1493 velis,

235 1520 278 1547 ut
300 1512 464 1546 videaris
488 1522 556 1546 ore
584 1511 736 1555 bilingui
776 1511 904 1557 loqui,
939 1523 1050 1548 more
1092 1503 1422 1561 Cann'sinorum?¹
1454 1510 1542 1545 Hoc

178 1608 187 1614 ,
235 1582 314 1606 non
340 1570 563 1606 admittebat
587 1576 699 1617 poeta
724 1577 881 1615 noster,
908 1572 978 1607 nisi
1003 1578 1135 1616 caute,
1161 1578 1198 1606 et
1222 1582 1350 1617 parce·
1387 1569 1469 1606 vid.
1492 1570 1541 1604 de

235 1634 332 1667 Arte
365 1636 470 1677 poet.
503 1630 559 1668 46.
595 1641 707 1676 seqq.
744 1629 942 1666 Benttetus
982 1633 1092 1677 plane
1117 1631 1286 1666 abutitur
1309 1629 1539 1671 eruditione,

237 1702 359 1737 quum
386 1690 434 1725 de
449 1696 574 1736 patre
589 1690 744 1726 Latino
758 1715 769 1732 ,
794 1693 842 1724 de
862 1702 941 1735 quo
961 1691 1068 1735 Virg.
1088 1692 1170 1727 Vll.
1189 1692 1247 1727 [Ε.
1265 1688 1344 1735 61.,
1367 1691 1433 1730 his:
1466 1689 1542 1733 agi,

235 1751 402 1796 probare
421 1758 606 1792 conatum
633 1749 818 1794 quodque
842 1750 1044 1785 Gesnerus
1073 1752 1256 1796 exponit,
1285 1749 1425 1796 patris
1447 1748 1538 1784 La-

234 1811 341 1855 tini,
376 1810 412 1845 id
447 1818 528 1852 est,
563 1808 719 1852 originis
749 1809 797 1842 ab
833 1810 896 1843 illo
929 1821 1016 1852 rege
1037 1835 1048 1852 ‚
1070 1811 1179 1843 cuius
1202 1816 1239 1844 et
1258 1821 1401 1844 nomen
1423 1808 1539 1843 debet

234 1870 512 1910 commendare
543 1870 720 1912 linguam.
777 1869 875 1902 Rem
918 1881 1035 1914 quain
1066 1870 1138 1904 alte
1175 1869 1374 1915 repetunt!
1421 1868 1537 1903 Mitto

235 1938 383 1966 ceteras
422 1929 583 1964 Bentleii
615 1929 777 1972 aigutias
808 1929 843 1963 in
878 1940 1071 1972 racanas,
1107 1940 1207 1975 quae
1244 1937 1330 1974 post
1357 1935 1535 1974 nostram

235 1991 520 2036 expositionem
538 1996 787 2024 evanescunt.
815 1989 946 2033 Longe
977 1990 1089 2024 etiam
1105 2001 1124 2023 a
1145 2000 1241 2023 vero
1267 1989 1421 2023 aberrat
1432 1987 1516 2023 San.
1510 2013 1536 2032 .,

234 2052 299 2096 qui
319 2051 444 2099 legere
469 2057 614 2083 amaret
632 2053 902 2095 patrumque,
927 2059 1066 2094 nempe
1081 2060 1266 2084 avorum:
1293 2058 1409 2083 sensu
1423 2048 1534 2094 plane

233 2111 413 2156 opposito
435 2115 595 2155 poetae,
620 2110 686 2154 qui
716 2109 763 2141 de
792 2116 897 2154 patre
925 2108 1142 2143 immediate
1175 2107 1416 2153 praecedenti
1449 2114 1536 2142 tan-
1590 2117 1591 2120 ’

232 2179 314 2206 tum
346 2170 526 2213 intelligit.
571 2171 614 2203 253
639 2168 813 2204 exsudat
845 2169 916 2214 Vp.
947 2170 1010 2211 A.,
1040 2179 1132 2203 mss.
1167 2169 1244 2203 duo
1271 2166 1532 2212 apud-Betiti„

234 2237 272 2266 et
292 2231 339 2265 ita
359 2230 455 2265 Zar.
500 2232 543 2263 31
570 2229 703 2275 Atqui
726 2240 798 2275 esso
816 2228 886 2263 Vr.
906 2227 974 2271 G„
998 2238 1091 2264 mss.
1123 2228 1199 2262 duo
1228 2227 1328 2273 apud
1357 2226 1530 2270 Combe;

232 2291 289 2331 ita?
309 2290 411 2324 dedit
450 2288 684 2331 Lambinus,
722 2288 825 2322 nulla
863 2288 1113 2331 auctoritate,
1154 2287 1304 2333 Gryph.
1341 2284 1463 2329 1566„
1496 2291 1534 2320 et

234 2350 452 2395 Cruquius3
466 2348 565 2386 tinde
586 2347 783 2381 Bentleius
803 2359 941 2382 eorum
964 2347 1150 2391 exempto
1165 2373 1177 2390 ,
1200 2351 1237 2380 et
1258 2356 1310 2380 ex
1333 2356 1410 2380 uno
1436 2354 1533 2389 mS.;

235 2410 369 2444 deinde
397 2409 496 2442 Cun.
524 2408 611 2442 San.
646 2407 729 2442 Val.
757 2406 913 2442 Wakef.
942 2407 1005 2441 Al.
1038 2409 1174 2453 Atque
1198 2417 1282 2453 eqo.
1336 2407 1381 2439 32
1411 2404 1535 2440 vetuit

233 2469 311 2503 tali
328 2480 391 2502 me
411 2460 536 2502 Bentl.
557 2478 608 2501 ex
634 2478 711 2501 uno
736 2477 810 2501 ms.
833 2475 870 2501 et
894 2477 944 2501 ex
967 2466 1122 2501 auribus
1144 2465 1245 2508 suis5
1269 2464 1443 2499 licentius
1463 2464 1533 2498 ad-

232 2528 312 2562 huc
340 2528 437 2561 Cun.
468 2537 519 2561 ex
548 2527 721 2569 ingenio,
759 2526 838 2560 tali
857 2527 977 2561 vetuit
1007 2537 1070 2559 me
1099 2536 1202 2559 voce.
1248 2526 1290 2557 33
1314 2523 1418 2559 Post
1445 2535 1531 2558 me-

233 2587 346 2628 diam
372 2587 483 2622 visus
513 2591 669 2622 noctem
698 2585 794 2620 Cun.
829 2596 940 2621 more
974 2586 1099 2620 solito.
1145 2584 1187 2618 34
1218 2583 1409 2620 insanior
1432 2583 1532 2618 Cun.
