1708 2938
621 200 794 240 Luna
822 199 857 240 1.
915 199 956 239 5.
1391 194 1444 240 55

44 337 56 344 ²
131 320 273 377 Signis
298 319 512 378 perfacile
534 329 614 363 est.
668 319 802 363 Venit
822 319 1029 378 vilissima
1051 312 1199 362 rerum

131 395 212 438 uic
225 409 362 454 aqua:
391 395 469 439 sed
486 396 611 454 panis
630 395 762 452 longe
781 396 1125 454 pulcherrimus;
1154 396 1273 440 ultra

135 470 338 517 Callidus
358 481 407 513 ut
430 472 569 515 soleat
591 459 779 515 humerie
800 483 976 530 portare
1000 473 1167 515 viator:
1393 471 1449 516 ⁹0

131 548 242 590 Nam
265 549 423 592 Canusi
444 548 693 607 lapidosus3
726 564 863 607 aquae
886 564 972 592 non
990 549 1276 601 ditiorburua:

133 626 221 688 Qui
241 625 361 669 locus
381 641 406 668 a
426 627 535 670 forti
554 626 770 669 Diomede
792 637 858 670 est
880 627 1082 670 conditus
1104 627 1225 669 olim.

132 703 362 746 Flentibus
387 704 492 746 hinc
515 703 678 747 Varius‘
693 703 882 747 discedit
903 714 1090 748 maestus
1114 704 1280 747 amicis.

131 846 354 894 parallelum
367 873 381 892 ‚
404 845 638 883 Herculeam
658 846 816 891 dictam,
840 846 913 882 iter
926 847 1066 883 fecisse
1088 846 1341 883 Brundisium
1354 857 1449 882 ver-

131 916 200 942 sus
235 907 488 952 Benevento,
522 908 560 943 in
595 919 671 954 qua
702 908 886 944 Trivicus
910 913 1014 953 erat3
1047 919 1125 942 non
1158 915 1288 943 autem
1306 906 1449 954 Equus

131 967 294 1012 tuticus,
319 968 444 1014 quiin
463 969 525 1004 via
542 969 713 1005 Traiana
735 969 833 1004 dicta
846 996 860 1014 ‚
885 975 922 1004 et
939 969 976 1004 in
990 968 1148 1013 regione
1169 968 1449 1015 Hirpinorum3

134 1034 172 1063 at
193 1029 421 1075 oppidulum
441 1029 478 1064 in
501 1029 674 1074 Daunia,
688 1040 757 1065 scu
771 1030 921 1077 -Apulia
942 1027 1057 1065 s‘itum
1080 1037 1174 1064 erat.
1198 1024 1450 1076 Pet-Equum

132 1091 297 1124 tuticum
326 1089 456 1126 Roma
479 1090 734 1127 Brundisium
764 1091 838 1126 iter
867 1091 1008 1126 fecisse
1042 1091 1246 1133 Atticum,
1271 1096 1376 1136 patet
1398 1099 1453 1127 ex

134 1148 325 1185 Cicerone
345 1151 392 1186 ad
411 1152 595 1187 eumdem
609 1151 675 1187 VI.
693 1163 753 1198 ep.
774 1159 807 1187 1.
852 1153 892 1188 87
918 1163 1038 1198 versu
1057 1150 1167 1199 quod
1189 1150 1326 1187 dicere
1349 1150 1451 1186 Cun.
1475 1142 1483 1151 '
1512 1145 1525 1153 ³

130 1217 318 1257 perpetua
334 1211 601 1259 cacophonia,
626 1218 664 1248 et
682 1222 819 1247 amore
837 1212 1034 1249 novitatis.
1080 1214 1125 1251 89
1150 1211 1168 1231 ⁴
1193 1211 1313 1261 lonqe
1323 1212 1453 1260 panis

130 1270 200 1308 Vr.
227 1270 261 1308 1.
1008 1268 1011 1282 “

95 1378 98 1380 ,
218 1350 264 1387 89
284 1347 399 1384 ultra
416 1348 465 1385 V.
491 1349 536 1384 A.
554 1348 601 1386 B.
624 1349 670 1386 C.
695 1349 750 1385 D.
772 1348 818 1386 E.
840 1349 890 1387 G.
914 1350 941 1385 Ι.
959 1349 1022 1385 M.
1046 1350 1116 1387 Vr.
1140 1350 1185 1385 A.
1207 1349 1254 1386 Β.
1279 1349 1321 1386 C.
1342 1349 1392 1387 E.
1414 1349 1454 1386 F.

134 1407 188 1445 G.
215 1408 262 1445 11.
281 1409 355 1457 Vp.
371 1411 420 1445 A.
443 1409 488 1445 C.
513 1410 557 1446 F.
581 1410 655 1447 Ch.
676 1410 723 1447 B.
751 1423 771 1446 a
796 1409 829 1448 ’2.
855 1422 911 1447 m.
931 1413 1004 1447 An.
1021 1411 1071 1447 B.
1093 1410 1161 1446 Va.
1183 1410 1251 1456 C.,
1276 1411 1335 1446 alii
1357 1421 1453 1446 mss.

132 1470 233 1517 apud
248 1469 356 1514 vah,
379 1471 467 1506 edit.
493 1471 625 1507 Princ.
660 1471 799 1508 Medd.
826 1470 924 1509 1476.
949 1471 1048 1509 1477.
1076 1469 1175 1507 1486.
1198 1472 1327 1508 Venn.
1353 1472 1453 1512 1479.

133 1530 235 1566 1481.
261 1530 360 1568 1483.
383 1530 479 1571 1490.
506 1531 603 1570 1492.
627 1530 730 1571 1495.
754 1532 858 1568 Flor.
884 1530 982 1568 1482.
1009 1533 1163 1578 Gryplt.
1187 1531 1288 1569 1566.
1311 1533 1453 1569 Lamb.

135 1590 257 1636 Cruq.
277 1592 397 1627 Torr.
420 1592 523 1626 Dan.
544 1592 677 1626 Heius,
695 1592 824 1627 Bentl.
839 1592 941 1627 Cun.
961 1593 1045 1627 San.
1067 1592 1291 1627 Gesn.Val.
1314 1591 1455 1628 Oberl.

137 1650 316 1695 Combe,
339 1651 497 1686 Wakef.
523 1652 680 1696 Miror,
706 1651 923 1687 Baxterum
953 1659 1126 1697 notasse,
1142 1663 1233 1695 eos,
1255 1652 1320 1699 qui
1341 1652 1457 1687 ultra

133 1710 335 1756 legerunt,
360 1711 397 1746 id
418 1712 557 1747 fecisse
592 1721 644 1746 ex
677 1713 931 1757 coniectura,
969 1723 1047 1748 non
1077 1723 1130 1747 ex
1152 1713 1366 1749 codicibus.
1393 1713 1456 1747 Al-

135 1771 269 1816 ultro,
295 1772 520 1818 praesertim
545 1778 634 1818 post
659 1772 803 1807 Aldum
830 1775 933 1810 1501„
953 1778 990 1807 et
1016 1775 1115 1812 1519.
1143 1773 1298 1808 tantam
1330 1774 1454 1819 1503.;

135 1831 224 1867 inde
243 1833 379 1876 multi,
403 1832 453 1868 H.
481 1833 614 1879 Steph.
631 1832 742 1868 Μυτ.
768 1833 893 1870 Chab.
916 1822 1124 1880 Desprez,
1147 1833 1288 1878 Bond,
1314 1834 1390 1870 alii.
1415 1865 1416 1868 ,

223 1912 268 1949 91
291 1921 375 1946 non
397 1909 570 1947 dulcior.
616 1913 660 1950 92
689 1911 768 1959 Qui
786 1910 911 1946 locus.
958 1910 1074 1946 Hunc
1098 1921 1259 1946 versum
1286 1916 1327 1946 ut
1360 1922 1456 1957 spu-

137 1970 238 2006 rium
260 1970 380 2006 reiicit
402 1970 624 2014 Bentleius,
650 1972 953 2016 argutationibus
974 1972 1123 2016 magis,
1150 1983 1270 2018 quam
1293 1972 1456 2026 rationi-

137 2029 234 2075 bus3
259 2038 296 2065 et
318 2031 550 2078 praecipue,
577 2033 682 2078 quod
701 2032 935 2075 ignoraverit
957 2032 1089 2067 locum
1125 2033 1238 2067 etiam
1268 2032 1342 2067 dici
1375 2043 1458 2078 pa-

139 2102 268 2138 qnum
289 2102 359 2128 seu
377 2092 533 2137 vicum,
557 2102 609 2127 ex
630 2092 711 2127 Cic.
730 2093 775 2127 ad
798 2094 875 2128 Att.
904 2092 997 2127 Xll.
1027 2096 1098 2136 19„
1112 2101 1153 2127 ut
1188 2092 1336 2127 n’otavit
1362 2092 1459 2127 For-

139 2142 359 2187 cellinu5*in
381 2152 511 2188 lexico
535 2164 574 2187 v.
600 2153 745 2188 Locus.
795 2144 920 2197 Vulgo
956 2153 1167 2188 etiamnum
1206 2153 1290 2190 Ital.
1322 2152 1457 2203 luoqo.

143 2209 270 2254 [Cum
293 2211 473 2248 Bentleio
498 2213 640 2249 faciunt
656 2211 926 2257 Parmenses.]
1424 2201 1431 2206 ⁶

227 2289 272 2326 93
295 2287 364 2323 hic
386 2278 548 2326 'Varius
566 2290 639 2336 Vp.
658 2290 704 2325 B.
718 2290 790 2325 Ch.
811 2289 949 2336 A.‚alii
967 2300 1061 2325 mss.
1083 2289 1182 2336 apud
1194 2289 1313 2325 Torr.
1332 2289 1458 2325 Bentl.

141 2348 238 2388 val„
262 2349 321 2384 ed.
339 2349 456 2385 Med.
478 2348 577 2386 1476.
598 2350 720 2385 Venn.
743 2346 838 2389 1479.
865 2347 961 2386 1481.
991 2349 1088 2390 1490.
1115 2348 1213 2389 1495.
1236 2350 1340 2388 Flor.
1362 2349 1458 2387 1482,

142 2408 274 2446 Loch.
293 2409 424 2445 Bentl.
450 2410 559 2446 Baxt.
587 2411 684 2446 Cun.
709 2411 794 2446 San.
815 2411 897 2447 Val.
921 2411 1061 2447 Oberl.
1092 2411 1246 2446 Combe
1262 2437 1274 2455 ,
1299 2409 1458 2447 Wakel‘.

142 2468 279 2505 Placet
302 2470 542 2516 Torrentio,
580 2472 729 2507 etiamsi
762 2483 841 2506 non
878 2471 1056 2518 adoptet;
1090 2472 1158 2507 sed
1193 2477 1231 2506 et
1272 2471 1353 2517 ipse
1371 2496 1383 2514 ‚
1423 2475 1461 2505 et

143 2528 274 2567 Bentl.
306 2538 598 2577 propugnator,
628 2543 706 2567 non
735 2531 937 2576 viderunt,
965 2531 1062 2567 hinc
1089 2533 1126 2567 in
1163 2537 1274 2567 motu
1309 2542 1330 2566 a
1367 2531 1459 2578 loco

147 2590 344 2636 usurpari,
366 2598 406 2627 ut
425 2601 490 2626 vv.
507 2592 561 2627 47.
587 2595 640 2629 71.
661 2593 688 2627 Ι.
704 2592 767 2627 od.
791 2589 844 2626 34.
864 2589 919 2628 14.
941 2591 1012 2628 llI.
1032 2592 1095 2627 od.
1121 2589 1153 2627 ⁴.
1175 2594 1228 2627 58.
1245 2601 1328 2638 seq.
1345 2590 1459 2638 epod.

149 2649 214 2686 od.
236 2653 270 2686 2.
292 2652 348 2688 31.
374 2652 439 2689 od.
457 2654 492 2689 5.
506 2655 563 2692 97.
585 2653 616 2688 Ι.
632 2659 702 2689 sat.
723 2660 754 2688 1.
786 2653 839 2690 17.
863 2658 936 2690 sat.
961 2655 995 2691 9.
1024 2650 1078 2689 16.
1105 2653 1137 2690 1.
1164 2652 1271 2699 epist.
1300 2657 1353 2693 19.
1375 2648 1458 2695 41.;
