1708 2938
408 149 625 184 Conicuu
659 145 761 181 Mss.
798 143 1182 180 Vnmsnnuncu.
1368 140 1449 184 21?

243 258 390 298 quoque
414 249 558 285 litterae
582 247 817 294 maiusculae,
850 243 1066 299 praesertim
1089 242 1128 278 in
1143 239 1336 290 principiis
1349 239 1459 276 libro-

242 323 340 356 rum,
375 318 540 358 ornatae,
574 318 616 348 ut
638 311 679 347 in
701 310 734 346 Ο
758 308 870 353 libro,
905 307 969 344 sed
990 308 1130 352 majore
1154 317 1239 342 cum
1262 311 1341 340 arte
1374 304 1460 340 deli-

245 381 386 410 neatae.
433 375 630 412 Peccatum
653 373 808 411 subinde
830 372 872 408 in
886 371 1102 419 Epodorum
1115 369 1246 405 litteris
1262 368 1461 405 initialibus

245 439 335 475 vitio
358 437 613 476 rubricatoris.
658 435 852 473 Consentit
875 435 953 472 sere
976 434 1072 471 liber
1094 445 1179 471 cum
1200 433 1233 477 B
1256 431 1396 469 codice.

192 550 201 559 .
245 525 327 560 Nro·
353 532 455 573 8215.
501 524 645 563 Horatii
670 525 768 574 Opp.
792 529 963 572 (praeter
985 522 1073 559 odas
1094 518 1239 571 priores
1262 527 1309 566 27
1326 525 1362 556 et
1377 530 1458 565 par-

244 594 318 623 tem
341 588 535 637 vigesimae
559 596 709 629 octavae
743 586 830 623 libri
856 591 909 628 1.)
956 585 1045 622 Cod.
1084 584 1196 621 seculi
1227 583 1320 619 xm.
1354 592 1461 619 mem-

243 652 372 698 bran„
405 650 493 687 olim
514 649 740 698 Bigotianus.
787 649 940 695 Forma,
976 660 1069 698 quae
1103 645 1241 684 codicis
1274 646 1325 693 1³3
1359 644 1461 682 solio-

244 728 330 752 rum
351 726 525 752 numerus
549 723 606 760 97.
997 711 1002 715 ”

193 839 203 849 .
251 815 333 850 Nro.
357 816 460 856 8216.
506 813 629 850 Codex
651 811 778 849 similis
802 811 963 858 ejusdem
984 810 1078 856 aevi,
1108 809 1270 859 itemque
1292 809 1334 844 in
1355 820 1462 844 mem-

247 877 363 914 brana
385 877 560 926 scriptus,
594 877 659 913 sed
682 876 771 914 olim
794 875 971 913 Colberti.
1023 874 1127 912 Folia
1157 886 1234 910 non
1255 877 1460 908 numerata.

251 939 356 975 Ordo
379 932 594 986 carminum,
626 946 670 975 ut
689 939 730 976 in
752 940 784 975 B
808 946 846 975 et
869 938 1029 988 antiquis
1050 937 1165 975 libris.
1211 937 1298 972 Post
1327 936 1466 983 epodos

249 1000 467 1049 subscriptio
486 1003 622 1050 legitur
639 1001 748 1040 Vettii
759 1003 898 1051 Agorii,
924 1004 970 1039 de
990 1014 1064 1052 qua
1076 1002 1123 1039 cf.
1140 1001 1222 1038 cod.
1235 1001 1277 1037 E.
1319 1000 1466 1047 Scholia

252 1076 330 1099 non
343 1063 452 1100 unius
469 1065 658 1114 scriptoris
676 1077 794 1114 pauca
812 1078 968 1102 numero
986 1073 1070 1102 sunt
1087 1065 1126 1101 in
1140 1064 1305 1101 Odarum
1322 1063 1417 1100 libro
1432 1073 1462 1102 1.

247 1135 354 1171 (nam
377 1130 490 1166 ceteri
510 1130 674 1167 Odarum
690 1130 776 1166 libri
792 1138 829 1166 et
841 1130 959 1178 Epodi
979 1130 1082 1166 nulla
1099 1129 1254 1170 habent)
1275 1135 1312 1164 et
1327 1128 1368 1164 in
1379 1128 1467 1164 Arte

249 1194 405 1240 poetica.
451 1194 652 1230 Recentior
674 1205 802 1230 manus
824 1193 996 1240 Epistolis
1019 1191 1212 1239 adscripsit
1235 1197 1340 1227 notas
1356 1189 1467 1238 proli-

251 1256 370 1293 xiores
394 1248 744 1306 frequentioresque.
791 1255 968 1305 sequitur
991 1256 1051 1292 hic
1074 1255 1169 1291 liber
1193 1254 1374 1302 optimum
1407 1252 1469 1290 ali-

249 1322 350 1369 quod
374 1323 578 1369 exemplar,
617 1320 681 1356 sed
703 1319 932 1365 negligenter
949 1324 1119 1366 exaratus
1140 1323 1195 1352 est
1209 1317 1369 1362 trajectis
1389 1329 1467 1354 ver-

248 1385 306 1420 bis
327 1384 563 1430 versibusque
587 1381 749 1430 integris
762 1388 800 1417 et
815 1379 1127 1428 inscriptionibus,
1153 1380 1341 1416 nonnullis
1358 1381 1468 1418 etiam

248 1446 399 1484 omissis.
448 1446 590 1484 Satirae
614 1452 725 1492 atque
749 1443 932 1493 Epistolae
956 1447 1056 1478 recte
1079 1441 1280 1492 distinctae.

186 1573 194 1581 .
249 1546 331 1582 Nro·
356 1551 459 1591 8217.
503 1545 647 1582 Horatii
663 1545 757 1594 opp.
779 1545 866 1588 (sed
889 1552 1038 1589 manca)
1061 1559 1146 1584 cum
1169 1547 1325 1583 scholiis.
1374 1547 1466 1585 Cod.

172 1637 184 1647 .
249 1606 452 1646 memhranss
478 1611 589 1647 seculi
607 1611 701 1647 xm.
727 1617 762 1647 et
786 1611 936 1647 fortasse
955 1612 1063 1658 XIV„
1088 1612 1177 1648 olim
1198 1610 1468 1656 Colbertianus,

251 1674 369 1709 forma
401 1673 544 1709 minore
578 1674 751 1716 (in-8⁰0)
765 1701 775 1720 ,
819 1687 887 1712 nec
921 1675 1122 1712 numeratis
1157 1675 1266 1711 foliis.
1324 1674 1472 1711 Finitur

248 1736 466 1784 Epodorum
489 1737 584 1773 liber
608 1737 716 1786 epodi
743 1747 798 1776 11.
832 1750 942 1774 versu
977 1749 1043 1786 143
1080 1739 1278 1775 satirarum
1302 1738 1418 1787 vprior
1447 1751 1470 1775 a

250 1800 380 1836 tertiae
404 1808 468 1837 sat.
494 1813 605 1837 versu
630 1807 685 1843 88.
710 1801 852 1851 incipit,
894 1805 1076 1840 secundus
1099 1804 1257 1853 pertinet
1280 1815 1396 1852 usque
1420 1802 1467 1840 ad

251 1864 378 1900 tertiae
402 1877 547 1901 versum
572 1872 677 1910 3123
713 1866 780 1900 Ars
803 1870 902 1913 poet.
924 1860 1170 1903 desideratur(
1212 1869 1469 1916 Diphthongo-

251 1941 335 1964 rum
357 1928 417 1964 bic
441 1927 519 1963 soni
542 1939 618 1962 non
643 1926 827 1974 distincti,
870 1930 1087 1976 compendia
1109 1932 1375 1968 vocabulorum
1398 1931 1465 1968 sre-

249 1991 500 2039 quentissima,
544 1990 688 2026 litterae
712 1990 869 2027 initiales
904 1992 1107 2038 distortae,
1141 1993 1317 2030 vitiorum
1341 1993 1469 2042 ingens

251 2069 435 2095 numerus.
483 2056 609 2091 Insunt
633 2062 753 2092 tamen
776 2055 919 2103 aliquot
941 2057 1119 2106 propriae
1142 2057 1329 2095 lectiones.

193 2183 203 2192 .
252 2156 332 2192 Nro.
357 2161 458 2199 8219.
506 2154 650 2191 Horatii
674 2154 771 2203 Opp.
797 2155 905 2198 (item
928 2162 1086 2197 manca).
1123 2156 1213 2191 Cod.
1239 2155 1351 2192 seculi
1374 2156 1471 2192 XIV.

251 2218 472 2263 membr-am,
518 2218 607 2254 olim
642 2218 822 2256 Ludovici
846 2221 905 2256 -de
938 2223 1100 2270 Tar-guy.
1161 2220 1273 2256 Deest
1306 2220 1471 2255 Odarum

253 2285 349 2319 liber
375 2294 406 2322 Ι.
442 2284 526 2321 inde
550 2286 595 2320 ab
630 2285 724 2321 odae
747 2295 804 2332 24.
835 2299 942 2323 versu
967 2295 1012 2332 7,
1046 2287 1134 2321 item
1157 2294 1192 2323 2.
1230 2283 1324 2319 liber
1352 2296 1469 2332 usque

252 2347 299 2383 ad
324 2347 415 2382 odae
456 2354 489 2389 8.
523 2361 668 2385 versum
704 2360 782 2397 143
830 2337 951 2398 neque
976 2352 1159 2388 hahentur
1192 2348 1244 2385 ibi
1268 2348 1410 2385 Satirae
1438 2359 1467 2387 1.

253 2411 339 2447 libri
364 2421 398 2454 9.
421 2423 444 2447 a
467 2424 575 2447 versu
600 2421 653 2458 17.
679 2420 715 2449 et
739 2422 954 2462 sequentes,
1003 2427 1077 2451 una
1109 2427 1192 2451 eum
1223 2414 1341 2449 altero
1372 2412 1468 2448 libro

253 2483 292 2510 et
315 2474 496 2522 Epistolis.
546 2475 640 2512 Vitia
665 2477 871 2525 frequentia
893 2487 930 2515 et
954 2478 1138 2526 pudenda,
1175 2489 1268 2526 quae
1284 2477 1469 2514 nonnullis

175 2574 178 2576 ,
255 2538 294 2573 in
319 2537 406 2573 locis
430 2539 635 2575 emendavit
659 2548 859 2578 corrector.
910 2542 1027 2578 Habet
1051 2548 1172 2578 tamen
1197 2542 1311 2577 codex
1341 2542 1469 2579 nonni-

253 2602 304 2639 hil
330 2602 486 2649 proprii,
518 2609 554 2638 et
579 2610 631 2639 cst
657 2616 741 2641 cum
764 2605 922 2643 ostendit
947 2607 974 2643 A
1000 2605 1086 2642 libri
1110 2605 1295 2643 lectiones.
