<?xml version="1.0" encoding="UTF-8"?>
<!DOCTYPE html PUBLIC "-//W3C//DTD XHTML 1.0 Transitional//EN"
    "http://www.w3.org/TR/xhtml1/DTD/xhtml1-transitional.dtd">
<html xmlns="http://www.w3.org/1999/xhtml" xml:lang="en" lang="en">
 <head>
  <title>
</title>
<meta http-equiv="Content-Type" content="text/html;charset=utf-8" />
  <meta name='ocr-system' content='tesseract 3.04.00' />
  <meta name='ocr-capabilities' content='ocr_page ocr_carea ocr_par ocr_line ocrx_word'/>
</head>
<body>
  <div class='ocr_page' id='page_1' title='image "./operahorat02horauoft_0009.png"; bbox 0 0 1708 2938; ppageno 0'>
   <div class='ocr_carea' id='block_1_1' title="bbox 0 0 46 647">
    <p class='ocr_par' dir='ltr' id='par_1_1' title="bbox 0 0 46 647">
     <span class='ocr_line' id='line_1_1' title="bbox 0 0 46 647; baseline 0 2291"><span class='ocrx_word' id='word_1_1' title='bbox 0 0 46 647; x_wconf 95' lang='lat' dir='ltr'><strong> </strong></span> 
     </span>
    </p>
   </div>
   <div class='ocr_carea' id='block_1_2' title="bbox 689 124 1518 214">
    <p class='ocr_par' dir='ltr' id='par_1_2' title="bbox 689 124 1518 214">
     <span class='ocr_line' id='line_1_2' title="bbox 819 124 827 144; baseline 0 0"><span class='ocrx_word' id='word_1_2' title='bbox 819 124 827 144; x_wconf 64' lang='lat' dir='ltr'><em>a</em></span> 
     </span>
     <span class='ocr_line' id='line_1_3' title="bbox 689 170 1518 214; baseline 0 0"><span class='ocrx_word' id='word_1_3' title='bbox 689 185 855 214; x_wconf 68' lang='lat' dir='ltr'><strong>mnan</strong></span> <span class='ocrx_word' id='word_1_4' title='bbox 890 173 924 214; x_wconf 86' lang='grc' dir='ltr'><strong>Ι.</strong></span> <span class='ocrx_word' id='word_1_5' title='bbox 985 175 1022 214; x_wconf 92' lang='grc'><strong>1.</strong></span> <span class='ocrx_word' id='word_1_6' title='bbox 1489 170 1518 214; x_wconf 83' lang='grc'>3</span> 
     </span>
    </p>
   </div>
   <div class='ocr_carea' id='block_1_3' title="bbox 200 282 1512 1046">
    <p class='ocr_par' dir='ltr' id='par_1_3' title="bbox 206 282 1322 336">
     <span class='ocr_line' id='line_1_4' title="bbox 206 282 1322 336; baseline 0.001 -11"><span class='ocrx_word' id='word_1_7' title='bbox 206 282 366 325; x_wconf 80' lang='lat' dir='ltr'>Contra</span> <span class='ocrx_word' id='word_1_8' title='bbox 391 292 608 326; x_wconf 80' lang='lat' dir='ltr'><strong>mercator</strong></span> <span class='ocrx_word' id='word_1_9' title='bbox 624 308 638 335; x_wconf 81' lang='lat'><strong><em>‚</em></strong></span> <span class='ocrx_word' id='word_1_10' title='bbox 665 285 810 327; x_wconf 82' lang='lat' dir='ltr'>navim</span> <span class='ocrx_word' id='word_1_11' title='bbox 827 283 1089 327; x_wconf 80' lang='lat' dir='ltr'><strong>iactantibus</strong></span> <span class='ocrx_word' id='word_1_12' title='bbox 1115 284 1292 328; x_wconf 84' lang='lat' dir='ltr'><strong>Austris</strong></span> <span class='ocrx_word' id='word_1_13' title='bbox 1306 309 1322 336; x_wconf 75' lang='lat'>‚</span> 
     </span>
    </p>

    <p class='ocr_par' dir='ltr' id='par_1_4' title="bbox 202 362 1404 577">
     <span class='ocr_line' id='line_1_5' title="bbox 205 362 1404 424; baseline 0.001 -20"><span class='ocrx_word' id='word_1_14' title='bbox 205 362 371 419; x_wconf 74' lang='lat' dir='ltr'><strong>Militia</strong></span> <span class='ocrx_word' id='word_1_15' title='bbox 391 373 458 405; x_wconf 86' lang='lat' dir='ltr'><strong>est</strong></span> <span class='ocrx_word' id='word_1_16' title='bbox 480 363 639 420; x_wconf 82' lang='lat' dir='ltr'><strong>potior.</strong></span> <span class='ocrx_word' id='word_1_17' title='bbox 697 362 812 424; x_wconf 73' lang='lat' dir='ltr'><strong>Quid</strong></span> <span class='ocrx_word' id='word_1_18' title='bbox 835 364 915 405; x_wconf 67' lang='lat' dir='ltr'><strong>ni?</strong></span> <span class='ocrx_word' id='word_1_19' title='bbox 945 364 1243 409; x_wconf 56' lang='lat' dir='ltr'><strong>concurhitur:</strong></span> <span class='ocrx_word' id='word_1_20' title='bbox 1274 366 1404 407; x_wconf 77' lang='lat' dir='ltr'><strong>horae</strong></span> 
     </span>
     <span class='ocr_line' id='line_1_6' title="bbox 204 441 1307 493; baseline 0 -10"><span class='ocrx_word' id='word_1_21' title='bbox 204 441 432 483; x_wconf 86' lang='lat' dir='ltr'><strong>Momento</strong></span> <span class='ocrx_word' id='word_1_22' title='bbox 456 442 541 483; x_wconf 85' lang='lat' dir='ltr'><strong>cita</strong></span> <span class='ocrx_word' id='word_1_23' title='bbox 560 455 676 482; x_wconf 78' lang='lat' dir='ltr'><strong>mors</strong></span> <span class='ocrx_word' id='word_1_24' title='bbox 699 442 841 493; x_wconf 80' lang='lat' dir='ltr'><strong>veuit,</strong></span> <span class='ocrx_word' id='word_1_25' title='bbox 870 451 944 483; x_wconf 88' lang='lat' dir='ltr'><strong>aut</strong></span> <span class='ocrx_word' id='word_1_26' title='bbox 965 442 1152 483; x_wconf 79' lang='lat' dir='ltr'><strong>victoria</strong></span> <span class='ocrx_word' id='word_1_27' title='bbox 1177 441 1307 483; x_wconf 83' lang='lat' dir='ltr'><strong>laeta.</strong></span> 
     </span>
     <span class='ocr_line' id='line_1_7' title="bbox 202 517 1251 577; baseline -0.002 -15"><span class='ocrx_word' id='word_1_28' title='bbox 202 519 452 575; x_wconf 83' lang='lat' dir='ltr'>Agricolam</span> <span class='ocrx_word' id='word_1_29' title='bbox 473 517 623 560; x_wconf 81' lang='lat' dir='ltr'><strong>laudat</strong></span> <span class='ocrx_word' id='word_1_30' title='bbox 641 519 775 571; x_wconf 84' lang='lat' dir='ltr'><strong>iuris,</strong></span> <span class='ocrx_word' id='word_1_31' title='bbox 802 518 1033 576; x_wconf 77' lang='lat' dir='ltr'>legumque</span> <span class='ocrx_word' id='word_1_32' title='bbox 1053 521 1223 577; x_wconf 80' lang='lat' dir='ltr'><strong>peritus</strong></span> <span class='ocrx_word' id='word_1_33' title='bbox 1236 547 1251 572; x_wconf 88' lang='lat'><strong>,</strong></span> 
     </span>
    </p>

    <p class='ocr_par' dir='ltr' id='par_1_5' title="bbox 202 580 1512 795">
     <span class='ocr_line' id='line_1_8' title="bbox 204 580 1512 655; baseline 0.002 -17"><span class='ocrx_word' id='word_1_34' title='bbox 204 596 293 639; x_wconf 87' lang='lat' dir='ltr'><strong>Sub</strong></span> <span class='ocrx_word' id='word_1_35' title='bbox 312 596 420 653; x_wconf 81' lang='lat' dir='ltr'><strong>galli</strong></span> <span class='ocrx_word' id='word_1_36' title='bbox 445 603 618 639; x_wconf 82' lang='lat' dir='ltr'><strong>cantum</strong></span> <span class='ocrx_word' id='word_1_37' title='bbox 643 580 868 639; x_wconf 80' lang='lat' dir='ltr'><strong>consultor</strong></span> <span class='ocrx_word' id='word_1_38' title='bbox 896 594 974 638; x_wconf 85' lang='lat' dir='ltr'><strong>ubi</strong></span> <span class='ocrx_word' id='word_1_39' title='bbox 1002 597 1114 639; x_wconf 80' lang='lat' dir='ltr'><strong>ostia</strong></span> <span class='ocrx_word' id='word_1_40' title='bbox 1143 597 1304 655; x_wconf 78' lang='lat' dir='ltr'><strong>pulsat.</strong></span> <span class='ocrx_word' id='word_1_41' title='bbox 1458 597 1512 641; x_wconf 82' lang='lat'><strong>10</strong></span> 
     </span>
     <span class='ocr_line' id='line_1_9' title="bbox 202 673 1512 733; baseline 0 -17"><span class='ocrx_word' id='word_1_42' title='bbox 202 674 303 726; x_wconf 89' lang='lat' dir='ltr'><strong>Ille,</strong></span> <span class='ocrx_word' id='word_1_43' title='bbox 330 674 442 716; x_wconf 66' lang='lat' dir='ltr'><strong>datis</strong></span> <span class='ocrx_word' id='word_1_44' title='bbox 464 673 664 725; x_wconf 82' lang='lat' dir='ltr'><strong>vadibus,</strong></span> <span class='ocrx_word' id='word_1_45' title='bbox 694 674 771 733; x_wconf 79' lang='lat' dir='ltr'><strong>qui</strong></span> <span class='ocrx_word' id='word_1_46' title='bbox 794 690 900 718; x_wconf 77' lang='lat' dir='ltr'><strong>rure</strong></span> <span class='ocrx_word' id='word_1_47' title='bbox 926 684 1149 718; x_wconf 78' lang='lat' dir='ltr'><strong>extractus</strong></span> <span class='ocrx_word' id='word_1_48' title='bbox 1165 677 1214 717; x_wconf 89' lang='lat' dir='ltr'><strong>in</strong></span> <span class='ocrx_word' id='word_1_49' title='bbox 1240 675 1395 719; x_wconf 83' lang='lat' dir='ltr'><strong>urbem</strong></span> <span class='ocrx_word' id='word_1_50' title='bbox 1421 685 1512 727; x_wconf 84' lang='lat' dir='ltr'><strong>est,</strong></span> 
     </span>
     <span class='ocr_line' id='line_1_10' title="bbox 202 734 1122 795; baseline -0.002 -1"><span class='ocrx_word' id='word_1_51' title='bbox 202 751 324 794; x_wconf 79' lang='lat' dir='ltr'><strong>Solos</strong></span> <span class='ocrx_word' id='word_1_52' title='bbox 347 750 501 794; x_wconf 80' lang='lat' dir='ltr'><strong>felices</strong></span> <span class='ocrx_word' id='word_1_53' title='bbox 524 752 718 794; x_wconf 78' lang='lat' dir='ltr'><strong>viventes</strong></span> <span class='ocrx_word' id='word_1_54' title='bbox 742 753 901 794; x_wconf 86' lang='lat' dir='ltr'><strong>clamat</strong></span> <span class='ocrx_word' id='word_1_55' title='bbox 921 752 968 795; x_wconf 83' lang='lat' dir='ltr'><strong>in</strong></span> <span class='ocrx_word' id='word_1_56' title='bbox 997 734 1122 795; x_wconf 73' lang='lat' dir='ltr'><strong>urbe.</strong></span> 
     </span>
    </p>

    <p class='ocr_par' dir='ltr' id='par_1_6' title="bbox 200 818 1459 959">
     <span class='ocr_line' id='line_1_11' title="bbox 204 818 1459 886; baseline 0.002 -18"><span class='ocrx_word' id='word_1_57' title='bbox 204 829 360 869; x_wconf 83' lang='lat' dir='ltr'><strong>Cetera</strong></span> <span class='ocrx_word' id='word_1_58' title='bbox 384 826 438 869; x_wconf 87' lang='lat' dir='ltr'><strong>de</strong></span> <span class='ocrx_word' id='word_1_59' title='bbox 457 841 616 883; x_wconf 82' lang='lat' dir='ltr'><strong>genere</strong></span> <span class='ocrx_word' id='word_1_60' title='bbox 637 818 749 880; x_wconf 61' lang='lat' dir='ltr'><strong>hoc&#39;,</strong></span> <span class='ocrx_word' id='word_1_61' title='bbox 776 822 887 870; x_wconf 83' lang='lat' dir='ltr'><strong>adeo</strong></span> <span class='ocrx_word' id='word_1_62' title='bbox 915 839 1016 871; x_wconf 83' lang='lat' dir='ltr'><strong>sunt</strong></span> <span class='ocrx_word' id='word_1_63' title='bbox 1038 823 1202 881; x_wconf 83' lang='lat' dir='ltr'><strong>multa,</strong></span> <span class='ocrx_word' id='word_1_64' title='bbox 1230 827 1459 886; x_wconf 76' lang='lat' dir='ltr'><strong>loquacem</strong></span> 
     </span>
     <span class='ocr_line' id='line_1_12' title="bbox 200 905 1376 959; baseline 0 -12"><span class='ocrx_word' id='word_1_65' title='bbox 200 905 430 947; x_wconf 86' lang='lat' dir='ltr'><strong>Delassare</strong></span> <span class='ocrx_word' id='word_1_66' title='bbox 447 905 597 947; x_wconf 80' lang='lat' dir='ltr'><strong>valent</strong></span> <span class='ocrx_word' id='word_1_67' title='bbox 624 906 822 949; x_wconf 80' lang='lat' dir='ltr'><strong>Fabium.</strong></span> <span class='ocrx_word' id='word_1_68' title='bbox 879 909 947 949; x_wconf 82' lang='lat' dir='ltr'><strong>Ne</strong></span> <span class='ocrx_word' id='word_1_69' title='bbox 976 917 1021 949; x_wconf 86' lang='lat' dir='ltr'><strong>te</strong></span> <span class='ocrx_word' id='word_1_70' title='bbox 1048 922 1218 959; x_wconf 81' lang='lat' dir='ltr'><strong>morer,</strong></span> <span class='ocrx_word' id='word_1_71' title='bbox 1247 907 1376 958; x_wconf 82' lang='lat' dir='ltr'><strong>audi,</strong></span> 
     </span>
    </p>

    <p class='ocr_par' dir='ltr' id='par_1_7' title="bbox 200 983 1512 1046">
     <span class='ocr_line' id='line_1_13' title="bbox 200 983 1512 1046; baseline 0.004 -20"><span class='ocrx_word' id='word_1_72' title='bbox 200 985 296 1046; x_wconf 71' lang='lat' dir='ltr'><strong>Quo</strong></span> <span class='ocrx_word' id='word_1_73' title='bbox 316 985 407 1026; x_wconf 82' lang='lat' dir='ltr'><strong>rem</strong></span> <span class='ocrx_word' id='word_1_74' title='bbox 431 983 658 1027; x_wconf 84' lang='lat' dir='ltr'><strong>deducam.</strong></span> <span class='ocrx_word' id='word_1_75' title='bbox 687 986 733 1026; x_wconf 80' lang='lat' dir='ltr'><strong>Si</strong></span> <span class='ocrx_word' id='word_1_76' title='bbox 755 985 853 1043; x_wconf 82' lang='lat' dir='ltr'><strong>quis</strong></span> <span class='ocrx_word' id='word_1_77' title='bbox 876 987 1025 1037; x_wconf 77' lang='lat' dir='ltr'><strong>Deus,</strong></span> <span class='ocrx_word' id='word_1_78' title='bbox 1054 1000 1111 1027; x_wconf 84' lang='lat' dir='ltr'><strong>en</strong></span> <span class='ocrx_word' id='word_1_79' title='bbox 1135 1000 1243 1042; x_wconf 83' lang='lat' dir='ltr'><strong>ego,</strong></span> <span class='ocrx_word' id='word_1_80' title='bbox 1272 985 1406 1037; x_wconf 83' lang='lat' dir='ltr'><strong>dicat,</strong></span> <span class='ocrx_word' id='word_1_81' title='bbox 1460 983 1512 1031; x_wconf 81' lang='lat'><strong>15</strong></span> 
     </span>
    </p>
   </div>
   <div class='ocr_carea' id='block_1_4' title="bbox 196 1127 1513 1239">
    <p class='ocr_par' dir='ltr' id='par_1_8' title="bbox 196 1127 1513 1239">
     <span class='ocr_line' id='line_1_14' title="bbox 196 1127 1513 1179; baseline 0.001 -13"><span class='ocrx_word' id='word_1_82' title='bbox 196 1128 316 1167; x_wconf 74' lang='lat' dir='ltr'><strong>litavit</strong></span> <span class='ocrx_word' id='word_1_83' title='bbox 339 1127 447 1168; x_wconf 74' lang='lat' dir='ltr'><strong>annis</strong></span> <span class='ocrx_word' id='word_1_84' title='bbox 472 1130 659 1170; x_wconf 78' lang='lat' dir='ltr'><strong>XXVIII.</strong></span> <span class='ocrx_word' id='word_1_85' title='bbox 687 1133 847 1169; x_wconf 73' lang='lat' dir='ltr'><strong>iteratus</strong></span> <span class='ocrx_word' id='word_1_86' title='bbox 870 1130 968 1169; x_wconf 84' lang='lat' dir='ltr'>vixit</span> <span class='ocrx_word' id='word_1_87' title='bbox 991 1134 1100 1170; x_wconf 86' lang='lat' dir='ltr'><strong>annis</strong></span> <span class='ocrx_word' id='word_1_88' title='bbox 1121 1127 1513 1179; x_wconf 51' lang='lat' dir='ltr'><strong>LXXX-&amp;fractus</strong></span> 
     </span>
     <span class='ocr_line' id='line_1_15' title="bbox 196 1193 718 1239; baseline 0.004 -11"><span class='ocrx_word' id='word_1_89' title='bbox 196 1194 283 1228; x_wconf 82' lang='lat' dir='ltr'><strong>iam</strong></span> <span class='ocrx_word' id='word_1_90' title='bbox 307 1193 473 1239; x_wconf 75' lang='lat' dir='ltr'><strong>Cuning.</strong></span> <span class='ocrx_word' id='word_1_91' title='bbox 516 1195 539 1229; x_wconf 84' lang='lat'>6</span> <span class='ocrx_word' id='word_1_92' title='bbox 561 1206 718 1231; x_wconf 77' lang='lat' dir='ltr'><strong>navem.</strong></span> 
     </span>
    </p>
   </div>
   <div class='ocr_carea' id='block_1_5' title="bbox 181 1268 1513 1793">
    <p class='ocr_par' dir='ltr' id='par_1_9' title="bbox 181 1268 1513 1793">
     <span class='ocr_line' id='line_1_16' title="bbox 281 1268 1511 1319; baseline -0.002 -11"><span class='ocrx_word' id='word_1_93' title='bbox 281 1271 300 1308; x_wconf 86' lang='grc'><strong>7</strong></span> <span class='ocrx_word' id='word_1_94' title='bbox 328 1268 344 1286; x_wconf 71' lang='lat'>⁸</span> <span class='ocrx_word' id='word_1_95' title='bbox 373 1271 483 1319; x_wconf 76' lang='lat' dir='ltr'><strong>Quid</strong></span> <span class='ocrx_word' id='word_1_96' title='bbox 500 1271 575 1307; x_wconf 83' lang='lat' dir='ltr'><strong>ni?</strong></span> <span class='ocrx_word' id='word_1_97' title='bbox 612 1271 659 1307; x_wconf 93' lang='lat' dir='ltr'><strong>V.</strong></span> <span class='ocrx_word' id='word_1_98' title='bbox 683 1271 728 1306; x_wconf 89' lang='grc' dir='ltr'><strong>Κ.</strong></span> <span class='ocrx_word' id='word_1_99' title='bbox 753 1270 819 1308; x_wconf 83' lang='lat' dir='ltr'><strong>Vr.</strong></span> <span class='ocrx_word' id='word_1_100' title='bbox 841 1271 896 1308; x_wconf 90' lang='lat' dir='ltr'><strong>G.</strong></span> <span class='ocrx_word' id='word_1_101' title='bbox 950 1271 1005 1307; x_wconf 82' lang='lat' dir='ltr'><strong>Ita</strong></span> <span class='ocrx_word' id='word_1_102' title='bbox 1031 1272 1146 1307; x_wconf 84' lang='lat' dir='ltr'><strong>etiam</strong></span> <span class='ocrx_word' id='word_1_103' title='bbox 1181 1269 1387 1316; x_wconf 78' lang='lat' dir='ltr'><strong>legendum</strong></span> <span class='ocrx_word' id='word_1_104' title='bbox 1414 1281 1511 1317; x_wconf 86' lang='lat' dir='ltr'><strong>pro-</strong></span> 
     </span>
     <span class='ocr_line' id='line_1_17' title="bbox 181 1331 1511 1385; baseline 0.001 -20"><span class='ocrx_word' id='word_1_105' title='bbox 181 1331 364 1385; x_wconf 72' lang='lat' dir='ltr'><strong>⁴ponebat</strong></span> <span class='ocrx_word' id='word_1_106' title='bbox 393 1331 472 1366; x_wconf 89' lang='lat' dir='ltr'><strong>Iac.</strong></span> <span class='ocrx_word' id='word_1_107' title='bbox 501 1331 714 1366; x_wconf 85' lang='lat' dir='ltr'><strong>Taurellus</strong></span> <span class='ocrx_word' id='word_1_108' title='bbox 748 1332 966 1377; x_wconf 75' lang='lat' dir='ltr'><strong>Lambino,</strong></span> <span class='ocrx_word' id='word_1_109' title='bbox 999 1333 1091 1368; x_wconf 86' lang='lat' dir='ltr'><strong>dum</strong></span> <span class='ocrx_word' id='word_1_110' title='bbox 1118 1333 1235 1368; x_wconf 83' lang='lat' dir='ltr'><strong>ambo</strong></span> <span class='ocrx_word' id='word_1_111' title='bbox 1259 1332 1414 1367; x_wconf 84' lang='lat' dir='ltr'><strong>Romae</strong></span> <span class='ocrx_word' id='word_1_112' title='bbox 1438 1331 1511 1366; x_wconf 83' lang='lat' dir='ltr'><strong>de-</strong></span> 
     </span>
     <span class='ocr_line' id='line_1_18' title="bbox 192 1391 1511 1437; baseline 0 -11"><span class='ocrx_word' id='word_1_113' title='bbox 192 1398 353 1436; x_wconf 76' lang='lat' dir='ltr'><strong>gerent3</strong></span> <span class='ocrx_word' id='word_1_114' title='bbox 379 1391 447 1426; x_wconf 83' lang='lat' dir='ltr'><strong>sed</strong></span> <span class='ocrx_word' id='word_1_115' title='bbox 474 1399 525 1426; x_wconf 86' lang='lat' dir='ltr'><strong>ex</strong></span> <span class='ocrx_word' id='word_1_116' title='bbox 550 1394 792 1436; x_wconf 81' lang='lat' dir='ltr'><strong>coniectura,</strong></span> <span class='ocrx_word' id='word_1_117' title='bbox 811 1393 914 1427; x_wconf 80' lang='lat' dir='ltr'><strong>nulla</strong></span> <span class='ocrx_word' id='word_1_118' title='bbox 939 1393 1121 1428; x_wconf 87' lang='lat' dir='ltr'><strong>codicum</strong></span> <span class='ocrx_word' id='word_1_119' title='bbox 1147 1393 1390 1436; x_wconf 74' lang='lat' dir='ltr'><strong>auctoritate3</strong></span> <span class='ocrx_word' id='word_1_120' title='bbox 1409 1399 1511 1437; x_wconf 86' lang='lat' dir='ltr'><strong>quae</strong></span> 
     </span>
     <span class='ocr_line' id='line_1_19' title="bbox 191 1454 1511 1499; baseline 0.002 -13"><span class='ocrx_word' id='word_1_121' title='bbox 191 1463 315 1498; x_wconf 83' lang='lat' dir='ltr'><strong>quum</strong></span> <span class='ocrx_word' id='word_1_122' title='bbox 350 1464 456 1487; x_wconf 86' lang='lat' dir='ltr'><strong>nunc</strong></span> <span class='ocrx_word' id='word_1_123' title='bbox 491 1454 676 1498; x_wconf 76' lang='lat' dir='ltr'>accedat,</span> <span class='ocrx_word' id='word_1_124' title='bbox 714 1455 855 1489; x_wconf 76' lang='lat' dir='ltr'><strong>merito</strong></span> <span class='ocrx_word' id='word_1_125' title='bbox 892 1454 1144 1499; x_wconf 78' lang='lat' dir='ltr'><strong>praeferenda</strong></span> <span class='ocrx_word' id='word_1_126' title='bbox 1180 1456 1255 1489; x_wconf 81' lang='lat' dir='ltr'><strong>erit</strong></span> <span class='ocrx_word' id='word_1_127' title='bbox 1288 1454 1426 1498; x_wconf 66' lang='lat' dir='ltr'><strong>lecti03</strong></span> <span class='ocrx_word' id='word_1_128' title='bbox 1470 1458 1511 1488; x_wconf 84' lang='lat' dir='ltr'><strong>nt</strong></span> 
     </span>
     <span class='ocr_line' id='line_1_20' title="bbox 191 1513 1511 1561; baseline 0 -13"><span class='ocrx_word' id='word_1_129' title='bbox 191 1513 377 1548; x_wconf 76' lang='lat' dir='ltr'><strong>sententia</strong></span> <span class='ocrx_word' id='word_1_130' title='bbox 403 1515 450 1548; x_wconf 85' lang='lat' dir='ltr'><strong>sit</strong></span> <span class='ocrx_word' id='word_1_131' title='bbox 474 1514 645 1559; x_wconf 77' lang='lat' dir='ltr'><strong>planior,</strong></span> <span class='ocrx_word' id='word_1_132' title='bbox 669 1515 753 1560; x_wconf 82' lang='lat' dir='ltr'><strong>ipso</strong></span> <span class='ocrx_word' id='word_1_133' title='bbox 781 1515 921 1550; x_wconf 80' lang='lat' dir='ltr'><strong>fatente</strong></span> <span class='ocrx_word' id='word_1_134' title='bbox 945 1515 1154 1550; x_wconf 82' lang='lat' dir='ltr'><strong>Lambino.</strong></span> <span class='ocrx_word' id='word_1_135' title='bbox 1202 1516 1257 1550; x_wconf 78' lang='lat' dir='ltr'><strong>Ita</strong></span> <span class='ocrx_word' id='word_1_136' title='bbox 1283 1513 1427 1561; x_wconf 69' lang='lat' dir='ltr'><strong>par&#39;iter</strong></span> <span class='ocrx_word' id='word_1_137' title='bbox 1450 1515 1511 1549; x_wconf 84' lang='lat' dir='ltr'><strong>le·</strong></span> 
     </span>
     <span class='ocr_line' id='line_1_21' title="bbox 190 1571 1513 1622; baseline 0.003 -16"><span class='ocrx_word' id='word_1_138' title='bbox 190 1572 292 1615; x_wconf 81' lang='lat' dir='ltr'><strong>gisse</strong></span> <span class='ocrx_word' id='word_1_139' title='bbox 328 1571 480 1607; x_wconf 80' lang='lat' dir='ltr'><strong>videtur</strong></span> <span class='ocrx_word' id='word_1_140' title='bbox 515 1577 675 1617; x_wconf 82' lang='lat' dir='ltr'><strong>Acron,</strong></span> <span class='ocrx_word' id='word_1_141' title='bbox 709 1583 915 1620; x_wconf 79' lang='lat' dir='ltr'><strong>exponens</strong></span> <span class='ocrx_word' id='word_1_142' title='bbox 951 1586 1080 1622; x_wconf 83' lang='lat' dir='ltr'><strong>quare</strong></span> <span class='ocrx_word' id='word_1_143' title='bbox 1108 1578 1222 1611; x_wconf 83' lang='lat' dir='ltr'><strong>non?</strong></span> <span class='ocrx_word' id='word_1_144' title='bbox 1245 1579 1284 1610; x_wconf 83' lang='lat' dir='ltr'><strong>et</strong></span> <span class='ocrx_word' id='word_1_145' title='bbox 1306 1581 1366 1612; x_wconf 81' lang='lat' dir='ltr'><strong>est</strong></span> <span class='ocrx_word' id='word_1_146' title='bbox 1384 1574 1513 1611; x_wconf 78' lang='lat' dir='ltr'><strong>comi-</strong></span> 
     </span>
     <span class='ocr_line' id='line_1_22' title="bbox 195 1633 1512 1682; baseline 0.004 -16"><span class='ocrx_word' id='word_1_147' title='bbox 195 1642 298 1667; x_wconf 84' lang='lat' dir='ltr'><strong>cum.</strong></span> <span class='ocrx_word' id='word_1_148' title='bbox 347 1635 368 1667; x_wconf 88' lang='lat'>8</span> <span class='ocrx_word' id='word_1_149' title='bbox 391 1639 597 1669; x_wconf 79' lang='lat' dir='ltr'><strong>momen&#39;o</strong></span> <span class='ocrx_word' id='word_1_150' title='bbox 620 1639 693 1668; x_wconf 82' lang='lat' dir='ltr'><strong>aut</strong></span> <span class='ocrx_word' id='word_1_151' title='bbox 715 1636 799 1670; x_wconf 85' lang='lat' dir='ltr'><strong>cita</strong></span> <span class='ocrx_word' id='word_1_152' title='bbox 815 1646 930 1670; x_wconf 84' lang='lat' dir='ltr'><strong>mors</strong></span> <span class='ocrx_word' id='word_1_153' title='bbox 952 1646 1047 1670; x_wconf 83' lang='lat' dir='ltr'><strong>mss.</strong></span> <span class='ocrx_word' id='word_1_154' title='bbox 1070 1633 1105 1671; x_wconf 72' lang='lat'><strong>[1.</strong></span> <span class='ocrx_word' id='word_1_155' title='bbox 1121 1636 1220 1681; x_wconf 80' lang='lat' dir='ltr'><strong>apud</strong></span> <span class='ocrx_word' id='word_1_156' title='bbox 1234 1635 1394 1680; x_wconf 86' lang='lat' dir='ltr'><strong>Lamb-,</strong></span> <span class='ocrx_word' id='word_1_157' title='bbox 1409 1645 1512 1682; x_wconf 83' lang='lat' dir='ltr'><strong>quos</strong></span> 
     </span>
     <span class='ocr_line' id='line_1_23' title="bbox 193 1693 1510 1740; baseline 0.003 -14"><span class='ocrx_word' id='word_1_158' title='bbox 193 1694 372 1739; x_wconf 80' lang='lat' dir='ltr'><strong>sequitur</strong></span> <span class='ocrx_word' id='word_1_159' title='bbox 402 1693 631 1738; x_wconf 73' lang='lat' dir='ltr'><strong>Bentleius,</strong></span> <span class='ocrx_word' id='word_1_160' title='bbox 661 1701 700 1729; x_wconf 82' lang='lat' dir='ltr'><strong>et</strong></span> <span class='ocrx_word' id='word_1_161' title='bbox 732 1695 840 1729; x_wconf 87' lang='lat' dir='ltr'><strong>hunc</strong></span> <span class='ocrx_word' id='word_1_162' title='bbox 873 1695 977 1730; x_wconf 79' lang='lat' dir='ltr'><strong>Phil.</strong></span> <span class='ocrx_word' id='word_1_163' title='bbox 1014 1693 1144 1740; x_wconf 68' lang='lat' dir='ltr'><strong>Bam,</strong></span> <span class='ocrx_word' id='word_1_164' title='bbox 1178 1701 1216 1731; x_wconf 88' lang='lat' dir='ltr'><strong>et</strong></span> <span class='ocrx_word' id='word_1_165' title='bbox 1238 1699 1326 1731; x_wconf 86' lang='lat' dir='ltr'><strong>ante</strong></span> <span class='ocrx_word' id='word_1_166' title='bbox 1354 1705 1424 1731; x_wconf 86' lang='lat' dir='ltr'><strong>eos</strong></span> <span class='ocrx_word' id='word_1_167' title='bbox 1450 1695 1510 1730; x_wconf 92' lang='lat' dir='ltr'><strong>ed.</strong></span> 
     </span>
     <span class='ocr_line' id='line_1_24' title="bbox 191 1750 1122 1793; baseline 0.004 -6"><span class='ocrx_word' id='word_1_168' title='bbox 191 1750 293 1792; x_wconf 86' lang='lat' dir='ltr'><strong>Frih.</strong></span> <span class='ocrx_word' id='word_1_169' title='bbox 319 1751 418 1788; x_wconf 84' lang='lat'><strong>1⁵36.</strong></span> <span class='ocrx_word' id='word_1_170' title='bbox 443 1752 511 1789; x_wconf 81' lang='lat' dir='ltr'><strong>Ex</strong></span> <span class='ocrx_word' id='word_1_171' title='bbox 534 1753 678 1789; x_wconf 82' lang='lat' dir='ltr'><strong>nostris</strong></span> <span class='ocrx_word' id='word_1_172' title='bbox 703 1754 768 1790; x_wconf 84' lang='lat' dir='ltr'><strong>vix</strong></span> <span class='ocrx_word' id='word_1_173' title='bbox 796 1755 873 1791; x_wconf 87' lang='lat' dir='ltr'><strong>Ch.</strong></span> <span class='ocrx_word' id='word_1_174' title='bbox 893 1755 941 1790; x_wconf 89' lang='lat' dir='ltr'><strong>B.</strong></span> <span class='ocrx_word' id='word_1_175' title='bbox 969 1766 990 1790; x_wconf 92' lang='lat' dir='ltr'><strong>a</strong></span> <span class='ocrx_word' id='word_1_176' title='bbox 1008 1758 1043 1790; x_wconf 84' lang='lat'><strong>2.</strong></span> <span class='ocrx_word' id='word_1_177' title='bbox 1067 1767 1122 1793; x_wconf 92' lang='lat' dir='ltr'><strong>m.</strong></span> 
     </span>
    </p>
   </div>
   <div class='ocr_carea' id='block_1_6' title="bbox 188 1827 1513 2303">
    <p class='ocr_par' dir='ltr' id='par_1_10' title="bbox 188 1827 1513 2303">
     <span class='ocr_line' id='line_1_25' title="bbox 275 1827 1512 1883; baseline 0.005 -18"><span class='ocrx_word' id='word_1_178' title='bbox 275 1834 300 1871; x_wconf 91' lang='grc'><em>9</em></span> <span class='ocrx_word' id='word_1_179' title='bbox 322 1827 342 1850; x_wconf 64' lang='grc'>*</span> <span class='ocrx_word' id='word_1_180' title='bbox 365 1830 499 1880; x_wconf 77' lang='lat' dir='ltr'><strong>lequm</strong></span> <span class='ocrx_word' id='word_1_181' title='bbox 515 1860 527 1877; x_wconf 91' lang='lat'><strong>,</strong></span> <span class='ocrx_word' id='word_1_182' title='bbox 551 1833 732 1880; x_wconf 80' lang='lat' dir='ltr'><strong>iurisque</strong></span> <span class='ocrx_word' id='word_1_183' title='bbox 747 1833 792 1869; x_wconf 86' lang='lat' dir='ltr'><strong>V.</strong></span> <span class='ocrx_word' id='word_1_184' title='bbox 813 1833 861 1870; x_wconf 82' lang='lat' dir='ltr'><strong>K⁴</strong></span> <span class='ocrx_word' id='word_1_185' title='bbox 908 1838 950 1869; x_wconf 85' lang='lat'><strong>10</strong></span> <span class='ocrx_word' id='word_1_186' title='bbox 973 1833 1046 1870; x_wconf 81' lang='lat' dir='ltr'><strong>sub</strong></span> <span class='ocrx_word' id='word_1_187' title='bbox 1057 1832 1166 1883; x_wconf 71' lang='lat' dir='ltr'><em>qalli</em></span> <span class='ocrx_word' id='word_1_188' title='bbox 1188 1840 1316 1870; x_wconf 83' lang='lat' dir='ltr'><strong>cantu</strong></span> <span class='ocrx_word' id='word_1_189' title='bbox 1329 1833 1440 1871; x_wconf 88' lang='lat' dir='ltr'><strong>V.E.</strong></span> <span class='ocrx_word' id='word_1_190' title='bbox 1454 1831 1512 1872; x_wconf 77' lang='lat' dir='ltr'><strong>G.</strong></span> 
     </span>
     <span class='ocr_line' id='line_1_26' title="bbox 188 1886 1513 1942; baseline 0.004 -17"><span class='ocrx_word' id='word_1_191' title='bbox 188 1886 260 1926; x_wconf 79' lang='lat' dir='ltr'><strong>Vr.</strong></span> <span class='ocrx_word' id='word_1_192' title='bbox 286 1891 332 1928; x_wconf 90' lang='lat' dir='ltr'><strong>C.</strong></span> <span class='ocrx_word' id='word_1_193' title='bbox 357 1904 378 1927; x_wconf 93' lang='lat' dir='ltr'><strong>a</strong></span> <span class='ocrx_word' id='word_1_194' title='bbox 401 1895 436 1928; x_wconf 84' lang='lat'><strong>2.</strong></span> <span class='ocrx_word' id='word_1_195' title='bbox 459 1904 513 1928; x_wconf 85' lang='lat' dir='ltr'><strong>m.</strong></span> <span class='ocrx_word' id='word_1_196' title='bbox 540 1893 570 1928; x_wconf 85' lang='lat'><strong>1.</strong></span> <span class='ocrx_word' id='word_1_197' title='bbox 597 1893 655 1940; x_wconf 88' lang='lat' dir='ltr'><strong>Vp</strong></span> <span class='ocrx_word' id='word_1_198' title='bbox 688 1895 735 1928; x_wconf 89' lang='lat' dir='ltr'><strong>A.</strong></span> <span class='ocrx_word' id='word_1_199' title='bbox 759 1893 827 1931; x_wconf 90' lang='lat' dir='ltr'><strong>Va.</strong></span> <span class='ocrx_word' id='word_1_200' title='bbox 850 1895 913 1939; x_wconf 66' lang='lat' dir='ltr'><strong>A„</strong></span> <span class='ocrx_word' id='word_1_201' title='bbox 938 1895 998 1930; x_wconf 67' lang='lat' dir='ltr'><strong>alii</strong></span> <span class='ocrx_word' id='word_1_202' title='bbox 1024 1906 1120 1931; x_wconf 87' lang='lat' dir='ltr'><strong>mss.</strong></span> <span class='ocrx_word' id='word_1_203' title='bbox 1146 1896 1246 1942; x_wconf 84' lang='lat' dir='ltr'><strong>apud</strong></span> <span class='ocrx_word' id='word_1_204' title='bbox 1274 1895 1444 1938; x_wconf 88' lang='lat' dir='ltr'><strong>Combe,</strong></span> <span class='ocrx_word' id='word_1_205' title='bbox 1471 1900 1513 1930; x_wconf 87' lang='lat' dir='ltr'><strong>et</strong></span> 
     </span>
     <span class='ocr_line' id='line_1_27' title="bbox 189 1953 1509 2001; baseline 0.002 -13"><span class='ocrx_word' id='word_1_206' title='bbox 189 1953 251 1989; x_wconf 76' lang='lat' dir='ltr'><strong>ed.</strong></span> <span class='ocrx_word' id='word_1_207' title='bbox 285 1953 418 1990; x_wconf 86' lang='lat' dir='ltr'><strong>Princ.</strong></span> <span class='ocrx_word' id='word_1_208' title='bbox 454 1954 609 1990; x_wconf 87' lang='lat' dir='ltr'><strong>Locum</strong></span> <span class='ocrx_word' id='word_1_209' title='bbox 640 1956 688 1990; x_wconf 87' lang='lat' dir='ltr'><strong>de</strong></span> <span class='ocrx_word' id='word_1_210' title='bbox 724 1956 870 1991; x_wconf 82' lang='lat' dir='ltr'><strong>forensi</strong></span> <span class='ocrx_word' id='word_1_211' title='bbox 902 1954 1091 1998; x_wconf 81' lang='lat' dir='ltr'><strong>buccina,</strong></span> <span class='ocrx_word' id='word_1_212' title='bbox 1129 1958 1211 1991; x_wconf 80' lang='lat' dir='ltr'><strong>sive</strong></span> <span class='ocrx_word' id='word_1_213' title='bbox 1238 1955 1285 1990; x_wconf 90' lang='lat' dir='ltr'><strong>de</strong></span> <span class='ocrx_word' id='word_1_214' title='bbox 1311 1963 1509 2001; x_wconf 75' lang='lat' dir='ltr'><strong>praecone</strong></span> 
     </span>
     <span class='ocr_line' id='line_1_28' title="bbox 190 2014 1509 2062; baseline 0.002 -14"><span class='ocrx_word' id='word_1_215' title='bbox 190 2018 347 2057; x_wconf 72' lang='lat' dir='ltr'><strong>tempus</strong></span> <span class='ocrx_word' id='word_1_216' title='bbox 376 2014 611 2060; x_wconf 81' lang='lat' dir='ltr'>denotante,</span> <span class='ocrx_word' id='word_1_217' title='bbox 650 2016 756 2062; x_wconf 89' lang='lat' dir='ltr'><strong>quod</strong></span> <span class='ocrx_word' id='word_1_218' title='bbox 790 2016 836 2051; x_wconf 91' lang='lat' dir='ltr'><strong>ad</strong></span> <span class='ocrx_word' id='word_1_219' title='bbox 867 2017 1139 2060; x_wconf 82' lang='lat' dir='ltr'><strong>magistratus,</strong></span> <span class='ocrx_word' id='word_1_220' title='bbox 1180 2015 1225 2052; x_wconf 76' lang='lat' dir='ltr'><strong>ad</strong></span> <span class='ocrx_word' id='word_1_221' title='bbox 1273 2016 1509 2060; x_wconf 73' lang='lat' dir='ltr'><strong>causidicos,</strong></span> 
     </span>
     <span class='ocr_line' id='line_1_29' title="bbox 189 2072 1510 2123; baseline 0.004 -17"><span class='ocrx_word' id='word_1_222' title='bbox 189 2072 318 2118; x_wconf 60' lang='lat' dir='ltr'><strong>adque</strong></span> <span class='ocrx_word' id='word_1_223' title='bbox 351 2084 422 2109; x_wconf 87' lang='lat' dir='ltr'><strong>eos</strong></span> <span class='ocrx_word' id='word_1_224' title='bbox 454 2075 671 2119; x_wconf 81' lang='lat' dir='ltr'><strong>pertinebat</strong></span> <span class='ocrx_word' id='word_1_225' title='bbox 705 2086 871 2120; x_wconf 80' lang='lat' dir='ltr'><strong>omnes,</strong></span> <span class='ocrx_word' id='word_1_226' title='bbox 906 2077 971 2122; x_wconf 84' lang='lat' dir='ltr'><strong>qui</strong></span> <span class='ocrx_word' id='word_1_227' title='bbox 1009 2077 1046 2110; x_wconf 88' lang='lat' dir='ltr'><strong>in</strong></span> <span class='ocrx_word' id='word_1_228' title='bbox 1070 2078 1158 2111; x_wconf 80' lang='lat' dir='ltr'><strong>soro</strong></span> <span class='ocrx_word' id='word_1_229' title='bbox 1180 2105 1192 2123; x_wconf 90' lang='lat'><strong>,</strong></span> <span class='ocrx_word' id='word_1_230' title='bbox 1225 2077 1332 2111; x_wconf 86' lang='lat' dir='ltr'><strong>acin</strong></span> <span class='ocrx_word' id='word_1_231' title='bbox 1361 2076 1510 2111; x_wconf 79' lang='lat' dir='ltr'><strong>iudiciis</strong></span> 
     </span>
     <span class='ocr_line' id='line_1_30' title="bbox 191 2132 1509 2182; baseline 0.003 -16"><span class='ocrx_word' id='word_1_232' title='bbox 191 2132 318 2178; x_wconf 72' lang='lat' dir='ltr'><strong>aliqua</strong></span> <span class='ocrx_word' id='word_1_233' title='bbox 340 2134 491 2168; x_wconf 82' lang='lat' dir='ltr'><strong>versari</strong></span> <span class='ocrx_word' id='word_1_234' title='bbox 517 2134 665 2170; x_wconf 77' lang='lat' dir='ltr'><strong>ratione</strong></span> <span class='ocrx_word' id='word_1_235' title='bbox 689 2136 958 2180; x_wconf 82' lang='lat' dir='ltr'><strong>cogebantur,</strong></span> <span class='ocrx_word' id='word_1_236' title='bbox 982 2136 1274 2180; x_wconf 71' lang='lat' dir='ltr'><strong>intelligendum</strong></span> <span class='ocrx_word' id='word_1_237' title='bbox 1300 2141 1404 2182; x_wconf 81' lang='lat' dir='ltr'><strong>putat</strong></span> <span class='ocrx_word' id='word_1_238' title='bbox 1421 2136 1509 2170; x_wconf 84' lang='lat' dir='ltr'><strong>An·</strong></span> 
     </span>
     <span class='ocr_line' id='line_1_31' title="bbox 189 2192 1503 2246; baseline 0.003 -20"><span class='ocrx_word' id='word_1_239' title='bbox 189 2192 322 2228; x_wconf 77' lang='lat' dir='ltr'><strong>samus</strong></span> <span class='ocrx_word' id='word_1_240' title='bbox 345 2194 394 2228; x_wconf 85' lang='lat' dir='ltr'><strong>de</strong></span> <span class='ocrx_word' id='word_1_241' title='bbox 419 2194 506 2230; x_wconf 70' lang='lat' dir='ltr'><strong>For·</strong></span> <span class='ocrx_word' id='word_1_242' title='bbox 530 2195 616 2231; x_wconf 86' lang='lat' dir='ltr'><strong>Iud.</strong></span> <span class='ocrx_word' id='word_1_243' title='bbox 642 2196 755 2231; x_wconf 89' lang='lat' dir='ltr'><strong>bucc.</strong></span> <span class='ocrx_word' id='word_1_244' title='bbox 784 2194 885 2234; x_wconf 74' lang='lat'><strong>§.65¹</strong></span> <span class='ocrx_word' id='word_1_245' title='bbox 917 2206 952 2241; x_wconf 87' lang='lat' dir='ltr'><strong>p.</strong></span> <span class='ocrx_word' id='word_1_246' title='bbox 977 2194 1051 2230; x_wconf 73' lang='lat'><strong>114.</strong></span> <span class='ocrx_word' id='word_1_247' title='bbox 1099 2196 1174 2246; x_wconf 82' lang='lat' dir='ltr'><strong>Sed</strong></span> <span class='ocrx_word' id='word_1_248' title='bbox 1206 2196 1255 2230; x_wconf 87' lang='lat' dir='ltr'><strong>de</strong></span> <span class='ocrx_word' id='word_1_249' title='bbox 1291 2198 1389 2231; x_wconf 58' lang='lat' dir='ltr'><strong>vero</strong></span> <span class='ocrx_word' id='word_1_250' title='bbox 1423 2195 1503 2240; x_wconf 81' lang='lat' dir='ltr'><strong>gal-</strong></span> 
     </span>
     <span class='ocr_line' id='line_1_32' title="bbox 189 2251 1506 2303; baseline 0.004 -16"><span class='ocrx_word' id='word_1_251' title='bbox 189 2253 320 2297; x_wconf 82' lang='lat' dir='ltr'><strong>licinio</strong></span> <span class='ocrx_word' id='word_1_252' title='bbox 349 2255 619 2302; x_wconf 83' lang='lat' dir='ltr'><strong>accipiendum</strong></span> <span class='ocrx_word' id='word_1_253' title='bbox 645 2264 747 2303; x_wconf 83' lang='lat' dir='ltr'><strong>patet</strong></span> <span class='ocrx_word' id='word_1_254' title='bbox 781 2257 843 2292; x_wconf 73' lang='lat' dir='ltr'><strong>vel</strong></span> <span class='ocrx_word' id='word_1_255' title='bbox 868 2265 920 2291; x_wconf 89' lang='lat' dir='ltr'><strong>ex</strong></span> <span class='ocrx_word' id='word_1_256' title='bbox 945 2251 1065 2292; x_wconf 75' lang='lat' dir='ltr'><strong>cicer.</strong></span> <span class='ocrx_word' id='word_1_257' title='bbox 1090 2267 1162 2302; x_wconf 84' lang='lat' dir='ltr'><strong>pro</strong></span> <span class='ocrx_word' id='word_1_258' title='bbox 1186 2255 1362 2291; x_wconf 80' lang='lat' dir='ltr'><strong>Murena</strong></span> <span class='ocrx_word' id='word_1_259' title='bbox 1386 2267 1422 2292; x_wconf 79' lang='lat' dir='ltr'><strong>c.</strong></span> <span class='ocrx_word' id='word_1_260' title='bbox 1446 2261 1506 2294; x_wconf 78' lang='lat'><strong>9.:·</strong></span> 
     </span>
    </p>
   </div>
   <div class='ocr_carea' id='block_1_7' title="bbox 129 2311 1507 2363">
    <p class='ocr_par' dir='ltr' id='par_1_11' title="bbox 129 2311 1507 2363">
     <span class='ocr_line' id='line_1_33' title="bbox 129 2311 1507 2363; baseline 0.003 -17"><span class='ocrx_word' id='word_1_261' title='bbox 129 2352 135 2357; x_wconf 63' lang='lat'><strong>,</strong></span> <span class='ocrx_word' id='word_1_262' title='bbox 194 2311 243 2346; x_wconf 93' lang='lat' dir='ltr'><em>V</em></span> <span class='ocrx_word' id='word_1_263' title='bbox 238 2312 361 2357; x_wconf 82' lang='lat' dir='ltr'><strong>igilas</strong></span> <span class='ocrx_word' id='word_1_264' title='bbox 390 2318 434 2349; x_wconf 82' lang='lat' dir='ltr'><strong>tu</strong></span> <span class='ocrx_word' id='word_1_265' title='bbox 469 2315 518 2349; x_wconf 84' lang='lat' dir='ltr'><strong>de</strong></span> <span class='ocrx_word' id='word_1_266' title='bbox 545 2321 661 2351; x_wconf 85' lang='lat' dir='ltr'><strong>nocte</strong></span> <span class='ocrx_word' id='word_1_267' title='bbox 677 2340 689 2354; x_wconf 82' lang='grc'><strong>.</strong></span> <span class='ocrx_word' id='word_1_268' title='bbox 723 2321 768 2351; x_wconf 79' lang='lat' dir='ltr'><strong>ut</strong></span> <span class='ocrx_word' id='word_1_269' title='bbox 792 2317 875 2351; x_wconf 81' lang='lat' dir='ltr'><strong>tuis</strong></span> <span class='ocrx_word' id='word_1_270' title='bbox 901 2315 1198 2353; x_wconf 75' lang='lat' dir='ltr'><strong>consultoribus</strong></span> <span class='ocrx_word' id='word_1_271' title='bbox 1224 2315 1475 2363; x_wconf 77' lang='lat' dir='ltr'><strong>respondeas</strong></span> <span class='ocrx_word' id='word_1_272' title='bbox 1484 2324 1507 2358; x_wconf 74' lang='lat'><strong>,⁴</strong></span> 
     </span>
    </p>
   </div>
   <div class='ocr_carea' id='block_1_8' title="bbox 0 2563 46 2938">
    <p class='ocr_par' dir='ltr' id='par_1_12' title="bbox 0 2563 46 2938">
     <span class='ocr_line' id='line_1_34' title="bbox 0 2563 46 2938; baseline 0 0"><span class='ocrx_word' id='word_1_273' title='bbox 0 2563 46 2938; x_wconf 95' lang='lat' dir='ltr'><strong> </strong></span> 
     </span>
    </p>
   </div>
   <div class='ocr_carea' id='block_1_9' title="bbox 188 2369 1506 2546">
    <p class='ocr_par' dir='ltr' id='par_1_13' title="bbox 188 2369 1506 2546">
     <span class='ocr_line' id='line_1_35' title="bbox 188 2369 1506 2423; baseline 0.005 -17"><span class='ocrx_word' id='word_1_274' title='bbox 188 2371 258 2407; x_wconf 79' lang='lat' dir='ltr'><strong>ille</strong></span> <span class='ocrx_word' id='word_1_275' title='bbox 274 2398 285 2416; x_wconf 91' lang='lat'><strong>,</strong></span> <span class='ocrx_word' id='word_1_276' title='bbox 309 2377 353 2408; x_wconf 85' lang='lat' dir='ltr'><strong>ut</strong></span> <span class='ocrx_word' id='word_1_277' title='bbox 374 2385 442 2418; x_wconf 87' lang='lat' dir='ltr'><strong>eo,</strong></span> <span class='ocrx_word' id='word_1_278' title='bbox 465 2369 544 2423; x_wconf 65' lang='lat' dir='ltr'><strong>&#39;qtco</strong></span> <span class='ocrx_word' id='word_1_279' title='bbox 569 2377 756 2421; x_wconf 78' lang='lat' dir='ltr'><strong>intendit,</strong></span> <span class='ocrx_word' id='word_1_280' title='bbox 781 2383 943 2412; x_wconf 81' lang='lat' dir='ltr'><strong>mature</strong></span> <span class='ocrx_word' id='word_1_281' title='bbox 966 2386 1057 2412; x_wconf 83' lang='lat' dir='ltr'><strong>cum</strong></span> <span class='ocrx_word' id='word_1_282' title='bbox 1081 2378 1265 2413; x_wconf 66' lang='lat' dir='ltr'><strong>exercitu</strong></span> <span class='ocrx_word' id='word_1_283' title='bbox 1279 2377 1506 2418; x_wconf 68' lang='lat' dir='ltr'><strong>perveniat.</strong></span> 
     </span>
     <span class='ocr_line' id='line_1_36' title="bbox 194 2431 1506 2481; baseline 0.003 -14"><span class='ocrx_word' id='word_1_284' title='bbox 194 2431 251 2467; x_wconf 85' lang='lat' dir='ltr'><strong>Te</strong></span> <span class='ocrx_word' id='word_1_285' title='bbox 268 2434 480 2481; x_wconf 76' lang='lat' dir='ltr'><strong>qallorum</strong></span> <span class='ocrx_word' id='word_1_286' title='bbox 489 2451 510 2478; x_wconf 75' lang='grc'><strong>,-</strong></span> <span class='ocrx_word' id='word_1_287' title='bbox 535 2436 651 2472; x_wconf 81' lang='lat' dir='ltr'><em>illum</em></span> <span class='ocrx_word' id='word_1_288' title='bbox 669 2437 936 2474; x_wconf 81' lang='lat' dir='ltr'><strong>buccinarum</strong></span> <span class='ocrx_word' id='word_1_289' title='bbox 957 2442 1106 2475; x_wconf 79' lang='lat' dir='ltr'><strong>cantus</strong></span> <span class='ocrx_word' id='word_1_290' title='bbox 1127 2439 1367 2474; x_wconf 80' lang='lat' dir='ltr'><strong>exsuscitat.</strong></span> <span class='ocrx_word' id='word_1_291' title='bbox 1406 2435 1506 2473; x_wconf 56' lang='grc' dir='ltr'>ΡΙιιε</span> 
     </span>
     <span class='ocr_line' id='line_1_37' title="bbox 191 2491 1112 2546; baseline 0.01 -18"><span class='ocrx_word' id='word_1_292' title='bbox 191 2491 300 2530; x_wconf 69' lang='grc' dir='ltr'><strong>ῐὶδυέ</strong></span> <span class='ocrx_word' id='word_1_293' title='bbox 322 2495 509 2533; x_wconf 73' lang='lat' dir='ltr'><strong>Bochart.</strong></span> <span class='ocrx_word' id='word_1_294' title='bbox 536 2499 694 2534; x_wconf 83' lang='lat' dir='ltr'><strong>Hieroz·</strong></span> <span class='ocrx_word' id='word_1_295' title='bbox 719 2511 799 2546; x_wconf 81' lang='lat' dir='ltr'><strong>par.</strong></span> <span class='ocrx_word' id='word_1_296' title='bbox 822 2502 856 2535; x_wconf 83' lang='lat'><strong>2.</strong></span> <span class='ocrx_word' id='word_1_297' title='bbox 881 2500 916 2536; x_wconf 78' lang='lat'><strong>1.</strong></span> <span class='ocrx_word' id='word_1_298' title='bbox 941 2504 972 2534; x_wconf 81' lang='lat'><strong>1·</strong></span> <span class='ocrx_word' id='word_1_299' title='bbox 997 2511 1019 2534; x_wconf 90' lang='lat' dir='ltr'><strong>c</strong></span> <span class='ocrx_word' id='word_1_300' title='bbox 1060 2501 1112 2537; x_wconf 80' lang='lat'><strong>17·</strong></span> 
     </span>
    </p>
   </div>
   <div class='ocr_carea' id='block_1_10' title="bbox 189 2567 1504 2675">
    <p class='ocr_par' dir='ltr' id='par_1_14' title="bbox 189 2567 1504 2675">
     <span class='ocr_line' id='line_1_38' title="bbox 276 2567 1504 2624; baseline 0.003 -18"><span class='ocrx_word' id='word_1_301' title='bbox 276 2575 317 2606; x_wconf 90' lang='lat'><strong>11</strong></span> <span class='ocrx_word' id='word_1_302' title='bbox 344 2576 363 2594; x_wconf 73' lang='lat'><strong>&#39;⁴</strong></span> <span class='ocrx_word' id='word_1_303' title='bbox 388 2573 448 2608; x_wconf 83' lang='lat' dir='ltr'><strong>ad</strong></span> <span class='ocrx_word' id='word_1_304' title='bbox 461 2573 600 2610; x_wconf 77' lang='lat' dir='ltr'><em>urbem</em></span> <span class='ocrx_word' id='word_1_305' title='bbox 622 2580 681 2612; x_wconf 80' lang='lat' dir='ltr'><strong>est</strong></span> <span class='ocrx_word' id='word_1_306' title='bbox 704 2575 773 2610; x_wconf 83' lang='lat' dir='ltr'><strong>Vr.</strong></span> <span class='ocrx_word' id='word_1_307' title='bbox 801 2575 830 2612; x_wconf 69' lang='lat'><strong>¹.</strong></span> <span class='ocrx_word' id='word_1_308' title='bbox 879 2574 922 2611; x_wconf 72' lang='lat'><strong>14</strong></span> <span class='ocrx_word' id='word_1_309' title='bbox 942 2580 960 2598; x_wconf 74' lang='lat'>⁸</span> <span class='ocrx_word' id='word_1_310' title='bbox 990 2576 1104 2624; x_wconf 79' lang='lat' dir='ltr'><strong>Quae</strong></span> <span class='ocrx_word' id='word_1_311' title='bbox 1138 2569 1304 2612; x_wconf 72' lang='lat' dir='ltr'><strong>lassare</strong></span> <span class='ocrx_word' id='word_1_312' title='bbox 1326 2568 1346 2594; x_wconf 72' lang='lat'>⁴</span> <span class='ocrx_word' id='word_1_313' title='bbox 1366 2573 1416 2612; x_wconf 85' lang='lat' dir='ltr'><strong>V.</strong></span> <span class='ocrx_word' id='word_1_314' title='bbox 1437 2567 1504 2610; x_wconf 73' lang='lat' dir='ltr'><strong>Ma</strong></span> 
     </span>
     <span class='ocr_line' id='line_1_39' title="bbox 189 2626 1095 2675; baseline 0.01 -9"><span class='ocrx_word' id='word_1_315' title='bbox 189 2626 411 2669; x_wconf 77' lang='lat' dir='ltr'><strong>Delaxare</strong></span> <span class='ocrx_word' id='word_1_316' title='bbox 432 2633 624 2672; x_wconf 78' lang='lat' dir='ltr'><strong>Lassare</strong></span> <span class='ocrx_word' id='word_1_317' title='bbox 647 2641 692 2672; x_wconf 83' lang='lat' dir='ltr'><strong>ut</strong></span> <span class='ocrx_word' id='word_1_318' title='bbox 716 2636 883 2673; x_wconf 76' lang='lat' dir='ltr'><strong>valeant</strong></span> <span class='ocrx_word' id='word_1_319' title='bbox 904 2635 1095 2675; x_wconf 80' lang='lat' dir='ltr'><strong>Bonflnis.</strong></span> 
     </span>
    </p>
   </div>
  </div>
 </body>
</html>
