1708 2938
644 166 830 205 Luna
860 164 914 205 11.
973 166 1014 209 5.
1386 165 1468 208 157

150 284 204 333 'In
225 305 404 335 vacuum
424 292 596 342 venias3
624 287 804 349 perraro
828 293 936 335 haec
956 282 1208 334 alea'f'allit.
1414 290 1469 335 50
1508 311 1511 313 ,

154 368 241 431 Qui
260 379 569 413 testamentum
590 369 733 413 tradet
753 368 836 413 tibi
862 386 1046 429 cumque
1067 370 1302 429 legendum
1319 383 1332 420 ς

149 445 391 499 Abnuere,
420 458 465 490 et
485 447 652 491 tabulas
671 464 694 489 a
720 459 764 490 te
788 464 1012 492 removere
1034 458 1280 491 memento:

150 523 223 566 Sic
245 535 390 567 tamen
415 535 463 568 ut
484 526 602 568 limis
623 527 770 584 rapias
784 554 797 576 ‚
826 526 936 584 quid
962 529 1107 585 prima
1125 524 1319 570 secundo
1385 522 1389 526 ’

153 602 264 644 Cera
287 603 398 644 velit
419 617 568 654 versu3
599 603 718 646 solus
733 632 747 656 ‚
778 604 987 647 multisne
1007 605 1186 647 coheres
1201 633 1217 656 ,

155 677 311 721 Veloci
335 693 544 736 percurre
560 679 701 722 oculo.
759 680 1023 737 Plerumque
1047 691 1248 724 recoctus
1420 681 1473 724 55

153 756 311 799 Scriba.
329 773 383 800 ex
408 758 696 815 quinqueviro
726 774 904 802 corvum
931 759 1088 803 deudit
1106 759 1330 809 hiantem;

156 834 447 892 captatorque
474 833 597 878 dabit
621 836 733 878 risus
755 836 913 878 Nasica
937 838 1118 879 Corano.

154 909 272 951 Num
293 910 435 953 furis?
465 925 519 952 an
546 911 740 968 prudens
764 911 880 955 ludis
911 928 1007 964 me,
1035 911 1218 955 obscura
1248 906 1476 952 canendo?

157 986 195 1026 Ο
221 986 480 1039 Laertiade,
509 988 727 1045 quidquid
753 988 923 1041 dicam,
952 1000 1028 1032 aut
1051 989 1162 1040 erit,
1190 998 1265 1031 aut,
1287 1001 1397 1031 non:
1457 1022 1460 1029 .

154 1063 364 1106 Divinare
390 1067 555 1107 etenim
585 1082 762 1122 magnus
782 1067 893 1110 mihi
916 1066 1051 1110 donat
1072 1066 1253 1124 Apollo.
1392 1063 1477 1110 '60

156 1139 277 1200 Quid
300 1150 444 1184 tamen
475 1143 560 1185 ista
583 1143 692 1185 velit
715 1142 803 1186 sibi
829 1143 1003 1196 fabula,
1033 1144 1072 1186 si
1094 1143 1226 1198 licet,
1254 1116 1352 1185 ede.

155 1218 371 1275 Tempore
385 1246 400 1271 ,
428 1235 516 1277 quo
539 1221 710 1263 iuvenis
730 1220 905 1264 Parthis
934 1219 1199 1272 horrendus,
1219 1219 1274 1262 ab
1294 1219 1385 1262 alto

155 1295 405 1339 Demissum
425 1311 561 1353 genus
582 1299 762 1350 Aenea,
792 1297 984 1351 tellure,
1012 1299 1210 1355 marique

156 1372 343 1428 Magnus
365 1373 473 1416 erit·
504 1375 611 1418 forti
633 1373 771 1418 nubet
789 1390 973 1433 procera
999 1375 1168 1431 Corano

156 1449 268 1491 Filia
289 1451 472 1493 Nasicae
488 1480 504 1504 ,
531 1452 770 1495 metuentis
795 1451 984 1495 reddere
1008 1451 1193 1495 soldum.
1426 1450 1480 1496 65

159 1528 270 1569 Tum
288 1540 423 1583 gener
445 1529 529 1571 hoc
549 1530 706 1571 faciet:
736 1528 908 1572 tabulas
933 1543 1083 1571 socero
1114 1527 1267 1580 dabit,
1286 1538 1453 1585 -atque,

160 1605 220 1645 Ut
246 1603 396 1659 legat,
424 1605 581 1647 orabit.
639 1604 834 1649 Multum
858 1607 1013 1648 Nasica
1038 1616 1213 1662 negatas

246 1725 456 1772 50'fallet
478 1727 545 1763 Vr.
571 1728 614 1763 C.
641 1739 661 1763 a
688 1733 716 1763 1.
743 1739 794 1765 m.
823 1731 897 1764 An.
925 1728 969 1764 Β·
994 1728 1097 1765 ludit
1123 1728 1166 1765 V.
1191 1727 1243 1767 G.
1262 1728 1482 1764 M.An.A.

250 1806 293 1840 52
318 1805 334 1823 ¹*
359 1807 546 1844 multisve
578 1809 650 1845 Va.
685 1810 734 1846 A.
792 1809 838 1846 56
863 1811 884 1833 *
908 1811 1060 1848 deludit
1082 1811 1151 1848 Vr.
1178 1811 1210 1848 Ι.
1235 1811 1312 1848 ch.
1337 1812 1388 1847 A.
1417 1812 1483 1848 Al.

165 1861 303 1911 [1304]
328 1867 509 1913 deludet,
535 1881 655 1916 quam
676 1871 887 1907 lectionem
909 1872 1029 1916 vulgo
1060 1871 1328 1920 praetulerunt
1356 1871 1482 1908 edito-

163 1935 248 1969 res;
274 1927 362 1972 quia
387 1928 550 1964 fortasse
573 1935 756 1975 putarunt
781 1931 930 1966 referri*
949 1932 995 1967 ad
1033 1943 1205 1980 sequens
1236 1931 1378 1976 dabit;
1413 1932 1483 1968 sed

162 1987 208 2022 ad
235 1986 475 2036 plerumque
505 1990 734 2036 reserenda3
769 1997 810 2026 ut
838 1992 912 2036 sit,
945 1993 1043 2040 quia
1069 1993 1332 2042 plerumque,
1375 1982 1484 2040 quoti

163 2058 349 2093 praesens
374 2054 527 2094 tempus
552 2050 724 2096 requirit.
771 2051 836 2087 De
874 2052 1054 2088 Domitio
1078 2053 1200 2090 Tullo
1217 2081 1229 2099 ‚
1259 2056 1327 2101 qui
1362 2053 1484 2090 berea

163 2107 310 2154 dipetas
343 2114 575 2145 testamento
606 2111 772 2156 delusit,
812 2112 947 2148 scribit
983 2113 1085 2151 Plin.
1120 2113 1230 2150 VIII.
1261 2114 1372 2162 epist.
1407 2118 1484 2152 18.:

165 2167 262 2204 Alii
283 2172 430 2204 contr-‘a
451 2167 528 2205 hoc
542 2170 676 2217 ipsum
698 2170 882 2208 laudibus
897 2171 1066 2219 ferunt,
1091 2174 1201 2222 quod
1215 2174 1271 2211 sit
1281 2174 1486 2222 frustra-

165 2231 231 2263 tus
251 2226 460 2273 imm-obas
477 2234 570 2277 spes
586 2229 822 2267 hominum:
846 2241 946 2281 quos
971 2234 1032 2270 sic
1052 2234 1260 2282 decipere,
1289 2245 1484 2283 promo·

167 2285 280 2324 ribus
296 2293 525 2337 temporum
540 2319 552 2336 ‚
572 2292 798 2339 prudentia
819 2298 891 2327 est.
945 2290 991 2330 60
1014 2294 1117 2331 mihi
1156 2294 1284 2332 donat
1308 2306 1487 2345 maynus

166 2358 240 2385 ms.
266 2351 365 2396 apud
392 2351 560 2389 Combe.
607 2350 649 2387 61
677 2352 908 2389 ‘edamw
938 2358 986 2391 Α.
1013 2360 1166 2393 a1.m.
1192 2355 1221 2391 1.
1247 2355 1316 2392 Va.
1341 2356 1389 2391 A.
1406 2356 1485 2392 An.

166 2409 216 2444 A.
241 2412 319 2445 212.
344 2420 397 2447 m

255 2483 300 2522 66
324 2485 342 2506 ⁴
369 2487 485 2525 Tunc
501 2500 629 2538 qener
651 2491 727 2528 An.
752 2493 800 2529 A.
830 2491 929 2528 Cum
949 2504 1076 2542 ρεπεν
1098 2493 1174 2540 Vp.
1197 2493 1250 2529 A.
1286 2487 1391 2529 Tum
1409 2503 1484 2541 qe—

169 2555 247 2580 ner
267 2544 371 2584 haec
399 2549 445 2586 V.
471 2550 502 2587 I.
527 2550 620 2590 huic
640 2551 782 2599 faciet
806 2552 854 2591 V.
879 2554 935 2592 D.
992 2553 1035 2594 67
1061 2555 1083 2580 *
1107 2557 1283 2604 roqatas
1306 2551 1352 2590 V.
1373 2544 1421 2589 E.
1446 2563 1481 2588 a.

169 2609 199 2641 1.
226 2615 278 2644 m·
