1708 2938
225 201 306 250 164
699 204 1044 245 summum

221 326 486 377 lunanum,
514 323 604 379 (sic
626 322 707 366 Dis
731 323 964 381 placitum)
985 331 1032 365 tu
1053 320 1258 363 carminis-
1273 331 1367 365 esto

221 401 502 458 Principium.
560 402 724 441 Romae
743 398 996 455 sponsorem
1018 412 1088 438 me
1106 397 1222 454 rapis
1240 411 1251 439 ε
1280 397 1374 440 eia!

219 480 288 520 Ne
304 480 428 535 prior
450 479 595 520 officio
621 478 849 534 quisquam
876 476 1167 533 respondeat,
1194 489 1320 531 urge:

221 557 320 596 Sive
344 554 510 611 Aquilo
540 553 657 595 radit
679 564 841 604 terram
870 568 946 595 seu
971 555 1120 595 bruma
1141 552 1328 594 nivalem
1472 552 1529 596 25

219 633 435 674 Interiore
457 631 575 673 diem
593 647 701 688 gyro
725 631 882 681 trahit,
911 631 980 672 ire
1006 644 1183 671 necesse
1206 640 1285 672 est.

219 708 483 761 Postmodo,
511 707 630 766 quod
653 708 714 750 mi
739 705 871 759 obsit,
894 708 1026 759 clare,
1055 719 1307 764 certumque
1331 705 1530 764 loquuti),

220 784 491 827 Luctandum
516 787 563 826 in
585 783 737 835 turba3
770 795 814 826 et
845 783 1046 826 facienda
1069 785 1231 826 iniuria
1255 783 1406 826 tardis.

221 862 339 923 Quid
365 863 454 913 vis,
483 861 667 905 insane?
695 872 741 904 et
763 878 869 919 quas
888 877 956 904 res
987 861 1109 917 agis?
1137 860 1357 919 improbus
1381 870 1505 917 urget

218 942 347 982 iratis
375 940 607 997 precibus:
637 951 684 984 tu
711 941 858 998 pulses
884 954 1038 992 omne,
1066 938 1184 996 quod
1207 939 1378 988 obstat,
1475 940 1530 985 30

221 1017 290 1059 Ad
314 1019 609 1060 Maecenatem
630 1018 812 1060 memori
838 1018 876 1060 si
901 1006 1043 1059 mente
1064 1032 1276 1059 recurras.

219 1097 311 1136 Hoc
336 1097 482 1147 iuvat,
510 1106 554 1137 et
576 1096 701 1137 melli
723 1105 814 1146 est;
845 1111 930 1138 non
952 1096 1161 1137 mentiar:
1192 1106 1236 1149 ap
1263 1095 1393 1137 simul
1417 1105 1538 1138 atras.

219 1172 404 1213 Ventum
426 1182 498 1213 est·
513 1171 762 1227 Exquilias,
792 1171 932 1212 aliena
957 1171 1128 1226 negotia
1152 1181 1324 1213 centum

218 1247 303 1289 Per
330 1258 487 1304 caput,
516 1258 561 1289 et
585 1248 702 1288 circa
735 1246 896 1289 saliunt
922 1246 1047 1288 latus.
1104 1247 1221 1288 Ante
1242 1245 1474 1288 secundam

218 1323 402 1364 Roscius
426 1322 601 1374 orabat,
630 1321 717 1364 sibi
739 1322 911 1364 adesses
940 1321 993 1362 ad
1023 1322 1175 1364 Puteal
1199 1338 1309 1364 cras.
1474 1321 1531 1362 3⁵
1598 1366 1600 1371 ,

218 1401 288 1441 De
312 1416 357 1442 re
379 1401 594 1442 communi
618 1398 787 1441 scribae
808 1413 959 1454 magna
975 1430 988 1451 ,
1018 1410 1148 1456 atque
1167 1414 1278 1442 nova
1299 1410 1344 1441 te

219 1476 411 1519 Orabant
432 1477 562 1519 hodie
583 1477 850 1519 meminisses
866 1506 880 1528 ,
910 1478 1094 1539 Quincte
1109 1506 1123 1528 ,
1153 1478 1333 1520 reverti.

218 1556 446 1612 Imprimat
467 1556 535 1598 his
548 1584 562 1608 ‚
589 1570 717 1608 cura,
745 1557 976 1598 Maecenas
995 1557 1114 1612 signa
1139 1555 1329 1597 tabellis.

306 1701 350 1735 22
373 1704 394 1723 ’⁶'
418 1700 456 1736 si
473 1698 537 1736 dis
561 1699 630 1736 Vr.
656 1699 706 1735 G⁴
741 1697 940 1744 placitum
975 1703 1034 1734 est
1056 1697 1126 1734 Va.
1154 1699 1203 1734 Α.
1265 1694 1454 1746 &but-qes-
1469 1691 1533 1733 'V.‘

218 1757 268 1795 Ε.
294 1771 314 1794 a
339 1768 370 1795 1.
394 1771 445 1795 m.
484 1760 537 1794 Βει
576 1761 623 1794 Α.
651 1771 671 1794 a
695 1763 727 1793 1.
754 1769 806 1793 m.
825 1784 836 1801 ,
874 1757 935 1792 alii
967 1767 1062 1793 mss.
1096 1758 1195 1803 apud
1230 1756 1370 1792 Lamb.
1395 1756 1525 1793 l’uim.

217 1817 302 1856 Vni.
328 1819 512 1855 Praetulit
536 1819 616 1866 ipse
646 1819 882 1864 Lambinus,
906 1823 943 1853 et
962 1818 1141 1854 Turneb.
1166 1817 1528 1855 Advers.X!II.17.

306 1898 350 1929 25
372 1900 512 1931 terras
531 1894 646 1931 radit
669 1895 772 1930 Cnn.
807 1905 858 1930 ex
884 1905 976 1930 aure
1000 1905 1083 1930 sua.
1138 1893 1182 1932 27
1208 1895 1229 1917 *
1252 1893 1362 1940 quod
1381 1897 1527 1929 noceat

217 1955 332 1990 clare
355 1955 399 1991 V.
427 1955 478 1992 G.
504 1954 570 1991 Vr.
599 1955 637 1991 F.
664 1966 684 1990 a
710 1958 742 1991 2.
769 1966 820 1991 m.
846 1955 922 1999 K.‚
952 1965 1004 1990 ex
1027 1954 1274 1999 glossemate.
1300 1956 1341 1991 27
1369 1956 1387 1975 *
1412 1947 1524 1989 locu—

216 2021 302 2051 tum
328 2015 395 2052 Vr.
422 2016 468 2052 C.
494 2017 533 2052 F.
560 2016 610 2053 G.
633 2016 701 2051 Ba.
725 2016 773 2051 A.
801 2027 822 2051 a
847 2019 877 2051 1.
901 2026 954 2050 m.
1014 2017 1056 2050 28
1088 2012 1232 2056 turba.
1258 2012 1481 2060 facienda.

302 2095 346 2133 29
369 2094 501 2143 [Quid
517 2093 589 2130 tibi
607 2094 669 2130 vis
683 2120 696 2138 ,
721 2094 866 2130 insane
878 2118 890 2137 ,
915 2090 967 2136 ec]
997 2086 1120 2136 quam
1138 2103 1228 2127 rem
1244 2091 1368 2140 aqis?
1394 2090 1526 2127 Bentl-

217 2153 410 2199 [Bodon.]
435 2166 539 2203 quae
559 2155 651 2203 aqis
662 2157 836 2189 rerum?
861 2153 958 2188 Cun.
984 2162 1034 2187 ex
1058 2152 1226 2197 mgenio.
1270 2154 1316 2188 30
1341 2151 1357 2169 ⁴
1381 2151 1525 2186 Iratus

215 2212 288 2248 va.
313 2213 359 2249 C.
384 2224 404 2248 a
429 2215 461 2248 2.
486 2225 539 2250 m.
587 2217 631 2248 ³0
656 2215 674 2234 '¹‘
695 2212 841 2259 pulsas
865 2212 933 2248 Vr.
957 2211 1008 2247 E.
1033 2211 1108 2247 Ch.
1136 2212 1181 2247 B.
1206 2223 1226 2247 a
1250 2215 1281 2246 1.
1306 2221 1357 2247 m.
1383 2209 1451 2246 Ba.
1474 2210 1524 2246 B·
1593 2258 1596 2260 ι
1640 2228 1647 2234 κ

301 2289 347 2324 30
370 2287 495 2324 obstet
531 2289 605 2324 An.
640 2289 714 2334 A.,
748 2289 845 2325 alius
869 2298 944 2324 ms.
972 2288 1070 2334 apud
1096 2287 1181 2323 Val.
1229 2288 1273 2322 32
1295 2298 1378 2322 non
1408 2297 1523 2321 men-

213 2349 298 2385 tior
323 2348 369 2386 V.
395 2349 443 2388 E.
467 2349 516 2386 G.
541 2348 605 2385 M.
630 2349 700 2385 Vr.
720 2349 770 2384 A.
795 2349 828 2385 1.
852 2350 928 2385 An.
953 2348 998 2384 B.
1023 2347 1091 2383 Va.
1116 2349 1189 2392 A.,
1214 2347 1272 2382 alii
1297 2356 1393 2382 mss.
1420 2345 1522 2392 apud

212 2407 341 2444 Benti.
367 2408 451 2445 val.
477 2408 645 2444 Combe.
687 2410 734 2443 32
758 2413 779 2431 ’⁶‘
802 2420 854 2444 ac
878 2407 1004 2445 simul
1026 2407 1092 2443 Vr.
1116 2408 1164 2442 H.
1191 2404 1262 2453 Vp.
1285 2407 1337 2442 A.
1367 2408 1410 2440 33
1424 2405 1520 2441 Ec-

213 2468 376 2516 quilias.
400 2468 486 2505 Vid.
509 2469 624 2515 epod.
648 2472 681 2504 5.
708 2473 781 2504 100.
825 2471 871 2503 35
892 2469 1046 2505 Rosius
1068 2468 1114 2504 V.
1138 2467 1184 2503 B.
1211 2468 1269 2503 D.
1294 2465 1349 2502 G.
1372 2464 1420 2500 M
1428 2464 1522 2510 .Vp.

213 2532 266 2563 A.
291 2528 348 2563 D.
372 2530 449 2564 An.
475 2530 522 2564 A.
545 2528 593 2564 Β.
619 2528 688 2563 Va.
715 2529 779 2573 C.,
804 2529 894 2566 edit.
921 2529 1015 2566 ven.
1040 2526 1139 2563 1486.
1196 2528 1240 2562 35
1271 2525 1434 2562 Puteal.
1483 2525 1519 2559 A

208 2586 371 2632 puteale
396 2599 465 2634 per
488 2599 718 2635 apocopen,
743 2594 784 2622 ut
809 2586 983 2632 cubital,
1018 2599 1136 2634 supra
1170 2592 1239 2624 sat.
1261 2587 1299 2621 3.
1322 2585 1426 2622 255.:
1457 2587 1521 2620 to-

212 2646 286 2681 ral
306 2647 338 2683 1.
364 2649 471 2695 epist.
499 2649 534 2684 5.
559 2650 613 2683 22.
655 2650 697 2687 37
724 2649 742 2669 ²*
772 2647 955 2684 Orabunt
979 2647 1048 2686 Va.
1074 2646 1128 2683 G.
