1708 2938
685 200 869 241 Lmen
898 199 956 240 11.
1010 206 1054 244 2.
1439 198 1519 244 106
1559 252 1563 255 ι

131 369 138 376 „
207 323 366 364 Saevus
389 323 497 365 erit:
525 337 692 380 neque,
711 323 775 365 sic
794 333 845 367 ut
862 323 1052 380 simplex
1075 322 1292 375 Naevius}
1315 331 1493 364 unctam

208 400 410 442 Convivis
419 399 653 457 praebebit
661 414 817 456 aquam
825 401 1009 443 tritium
1020 401 1103 442 hoc
1113 414 1287 457 quoqne
1299 414 1520 455 magnum.

205 477 375 535 Accipe
391 493 525 530 nunc,
539 478 680 520 victus
698 478 844 520 tenuis
855 493 983 535 quae,
1001 489 1251 536 quantaque
1262 493 1411 524 secum
1464 479 1522 522 70

206 554 388 596 Afferat.
440 555 492 595 In
513 554 664 612 primis
685 554 829 596 valeas
848 553 984 597 bene:
1009 569 1107 599 nam
1127 555 1275 597 variae
1300 570 1379 598 res.
1419 575 1421 578 ⁴
1514 540 1517 542 “

207 632 267 672 Ut
295 641 480 674 noceant
499 631 692 682 homini,
721 630 899 680 credas3
927 647 1094 674 memor
1112 632 1236 675 illius
1257 647 1384 675 escae
1397 661 1413 683 ‚

206 709 330 766 Quae
360 707 544 765 simplex
564 707 671 750 olim
699 707 785 750 tihi
806 707 985 751 sederit.
1039 710 1103 751 At
1123 710 1252 752 simul
1270 709 1381 752 assis

206 786 441 828 Miscueris
465 785 606 836 elixa,
635 785 766 828 simul
788 786 1021 843 conchylia
1042 786 1211 837 turdis;
1467 787 1524 833 74

207 862 369 903 Dulcia
389 876 437 903 se
457 862 506 902 in
525 861 666 903 bilem
689 872 883 914 vertent,
913 864 1225 918 stomachoque
1243 862 1482 907 tumultum
1502 900 1506 905 .

206 939 347 980 Lenta
363 939 480 980 feret
495 939 672 996 pituita.
729 940 893 990 Vides,
919 951 970 996 nt
992 939 1191 996 pallidus
1215 941 1355 983 omnis

207 1016 326 1057 Cena
345 1015 549 1073 desurgat
568 1015 703 1057 dubia
716 1015 736 1056 ἓ
767 1017 884 1078 Quin
904 1016 1061 1074 corpus
1087 1028 1294 1060 onustum

207 1093 435 1135 Hesternis
453 1094 573 1135 vitiis
590 1094 782 1136 animum
802 1107 980 1150 quoque
998 1104 1255 1150 praegravat
1275 1109 1388 1147 una,

210 1221 325 1262 seqq.
351 1215 552 1250 Ridendus
586 1215 825 1251 Scholiastes
862 1215 1137 1262 Cruquianns,
1169 1217 1346 1254 laudatus
1369 1229 1390 1253 a
1416 1216 1526 1254 Bax-

208 1284 319 1312 tero.
353 1277 419 1322 qui
456 1277 599 1312 munia
632 1275 735 1311 didit
777 1278 966 1322 exponit,
1000 1288 1105 1325 quae
1127 1277 1296 1327 quisque
1323 1282 1450 1326 aqat,
1481 1282 1527 1316 ut

201 1341 324 1384 pote:
350 1337 414 1372 Tu
432 1349 507 1373 rus
522 1336 618 1382 ibis,
650 1338 709 1373 Tu
732 1337 849 1375 boves
863 1349 1016 1385 pasces
1030 1365 1042 1383 ,
1072 1338 1135 1374 Tu
1151 1339 1366 1387 qranaria
1398 1349 1528 1377 cura-

205 1396 276 1433 his.
332 1399 375 1432 ⁶8
398 1403 416 1421 *²
439 1408 567 1445 neque
589 1398 651 1434 sic
676 1403 721 1432 ut
747 1398 791 1434 V.
817 1398 870 1434 N.
894 1399 959 1435 ΑΙ.
1026 1398 1072 1437 69
1094 1398 1112 1416 ’
1132 1397 1356 1444 praebebat
1392 1397 1442 1434 V.
1466 1397 1527 1435 N.

206 1455 277 1492 Vr.
300 1455 353 1492 B.
397 1458 442 1495 70
467 1457 483 1475 ’
506 1458 642 1494 tenuis
667 1469 772 1506 quae
803 1470 963 1505 secum,
987 1464 1222 1507 quantaque
1240 1460 1371 1495 victus
1392 1458 1465 1496 Vr.
1489 1457 1528 1496 1.

292 1537 337 1575 72
361 1536 379 1555 ⁹
403 1537 544 1574 credes
568 1538 645 1573 Ch.
669 1537 720 1574 B.
745 1550 765 1573 a
792 1547 826 1574 1.
851 1550 906 1574 m.
954 1540 998 1576 73
1024 1543 1046 1563 εκ
1071 1550 1123 1575 ac
1145 1539 1273 1576 simul
1292 1539 1361 1576 Vr.
1385 1538 1445 1576 B..

294 1617 340 1656 79
362 1616 523 1665 asfliqit
543 1617 593 1653 V.
619 1617 665 1652 C.
690 1617 759 1654 Vr.
785 1617 836 1654 G.
861 1617 895 1654 Ι,
922 1617 1051 1653 Ceteri
1075 1629 1172 1654 mss.
1195 1615 1338 1664 nostri,
1363 1623 1402 1654 et
1424 1617 1527 1656 aiio-

206 1687 294 1711 rum
321 1687 478 1721 omnes,
497 1684 594 1714 teste
619 1678 798 1714 Bentleio
815 1706 826 1722 ‚
851 1686 889 1714 et
911 1684 1067 1714 veteres
1092 1679 1281 1717 editiones
1304 1684 1392 1715 ante
1404 1678 1527 1715 Lam—

206 1737 366 1781 binum,
392 1737 552 1787 affiqc‘t.
581 1738 660 1782 [Sic
683 1745 719 1773 et
742 1739 983 1775 parmenses
1000 1765 1013 1783 ,
1043 1739 1110 1786 qui
1134 1739 1206 1775 sibi
1229 1750 1310 1775 non
1343 1744 1529 1777 coustant

206 1798 245 1835 in
285 1798 365 1834 hoc
403 1809 560 1843 genere.
602 1798 665 1834 Cf.
705 1799 782 1835 Sat.
805 1802 850 1844 2,
873 1797 921 1843 4,·
954 1798 1009 1835 62.
1043 1798 1148 1844 etc.].
1216 1799 1462 1846 Lambinus,
1484 1805 1529 1836 ut

206 1858 290 1905 ipse
313 1864 444 1903 notat,
469 1869 522 1894 ex
548 1861 601 1896 12.
629 1870 726 1896 mss.
753 1861 934 1907 praetulit
964 1870 1111 1897 novam
1143 1861 1379 1908 lectionem3
1414 1872 1528 1898 eam-

207 1930 286 1966 que
310 1919 543 1966 reproduxit
568 1919 700 1965 Baxt.,
725 1926 763 1956 et
786 1920 917 1957 multis
941 1922 1112 1968 probare
1135 1923 1268 1959 nititur
1300 1922 1522 1969 Bentleius,

208 1990 329 2026 quem
354 1987 573 2026 sequuntur
596 1981 777 2018 Oberlin.
804 1981 959 2018 Combe
975 2009 989 2027 ,
1009 1982 1194 2019 Wakef.:
1224 1989 1267 2019 ut
1287 1993 1431 2026 sensus
1454 1984 1526 2021 sit:

213 2041 371 2087 Corpus
392 2041 588 2077 hesterna
605 2044 780 2089 crapula
801 2049 1006 2089 onustum,
1030 2045 1216 2080 animum
1242 2055 1424 2094 quoque,
1461 2044 1530 2082 dc·-

206 2101 329 2136 vinae
347 2112 478 2136 aurae
496 2102 755 2150 particulam
768 2130 780 2147 ,
805 2115 890 2140 una
907 2115 1045 2141 secum
1059 2108 1339 2153 praegravat,
1358 2109 1396 2140 et
1403 2103 1530 2142 humo

210 2159 384 2211 affligit.
432 2162 537 2211 Quid
563 2164 885 2207 irrationabilius;
911 2164 1030 2211 quid,
1065 2164 1172 2211 quod
1196 2165 1319 2210 magis
1341 2176 1421 2202 non
1444 2166 1531 2202 ani·

208 2231 340 2267 mam,
363 2222 432 2257 sed
456 2222 704 2259 inanimatum
729 2225 849 2271 sapiat
863 2225 884 2262 Ξ·
907 2224 1077 2269 affligere
1108 2225 1234 2261 humo
1260 2225 1455 2271 animam3
1488 2225 1527 2263 id

208 2288 294 2325 est,
324 2292 416 2318 cum
451 2283 515 2327 vi,
551 2290 589 2319 et
620 2284 768 2332 impetu
801 2291 928 2321 terrae
952 2285 1127 2323 illidere?
1150 2286 1240 2323 Hoc
1262 2285 1312 2321 de
1336 2296 1527 2334 corpore,

209 2343 374 2389 eiusque
399 2343 589 2379 membris
614 2344 688 2381 dici
713 2351 867 2391 potest;
891 2350 933 2381 ut
954 2346 1123 2392 probant
1145 2347 1222 2383 loci
1245 2350 1456 2383 auctorum
1475 2347 1545 2384 ab·

208 2401 295 2449 ipso
319 2403 451 2439 Bentl.
476 2403 604 2449 allati3
640 2405 688 2440 de
712 2406 834 2452 capite
858 2405 955 2443 Tac.
982 2406 1049 2443 lv.
1075 2408 1122 2443 A.
1148 2404 1229 2452 4⁵.;
1266 2413 1305 2444 et
1328 2407 1377 2444 de
1400 2419 1529 2455 poeu-

208 2461 256 2496 lis
278 2461 366 2497 Sen.
391 2463 438 2498 de
461 2463 523 2500 Ira
549 2465 584 2500 1.
609 2464 689 2503 16.:
724 2467 794 2501 sed
819 2466 867 2501 de
892 2467 1043 2512 anima,
1079 2467 1228 2517 affiqit
1260 2468 1426 2505 suadent
1447 2469 1528 2507 loci

208 2519 385 2558 Platonis
412 2523 450 2559 in
475 2524 641 2571 Phaed.,
666 2525 770 2575 Plut.
793 2526 974 2573 Sympos.
1008 2527 1119 2563 vm.
1141 2531 1199 2574 2.,
1233 2534 1271 2564 et
1296 2528 1337 2566 S.
1361 2529 1527 2569 Hieron,

208 2588 344 2619 contra
370 2583 496 2621 Iovin.
522 2585 590 2621 lib.
615 2587 650 2623 2.
674 2598 714 2622 n.
739 2590 772 2621 8·
797 2586 846 2622 ab
870 2587 1012 2623 eodem
1039 2587 1219 2625 Bentleio
1251 2589 1385 2637 allati5
1422 2601 1527 2638 quo-

212 2650 302 2678 rum
325 2642 474 2690 primus
497 2644 636 2693 inquit:
676 2647 819 2683 Omnis
855 2646 1068 2696 voluptas,
1102 2661 1154 2686 ac
1187 2649 1306 2688 dolor
1342 2651 1528 2689 animum
