<?xml version="1.0" encoding="UTF-8"?>
<!DOCTYPE html PUBLIC "-//W3C//DTD XHTML 1.0 Transitional//EN"
    "http://www.w3.org/TR/xhtml1/DTD/xhtml1-transitional.dtd">
<html xmlns="http://www.w3.org/1999/xhtml" xml:lang="en" lang="en">
 <head>
  <title>
</title>
<meta http-equiv="Content-Type" content="text/html;charset=utf-8" />
  <meta name='ocr-system' content='tesseract 3.04.00' />
  <meta name='ocr-capabilities' content='ocr_page ocr_carea ocr_par ocr_line ocrx_word'/>
</head>
<body>
  <div class='ocr_page' id='page_1' title='image "./operahorat02horauoft_0316.png"; bbox 0 0 1708 2938; ppageno 0'>
   <div class='ocr_carea' id='block_1_1' title="bbox 263 186 1120 246">
    <p class='ocr_par' dir='ltr' id='par_1_1' title="bbox 263 186 1120 246">
     <span class='ocr_line' id='line_1_1' title="bbox 263 186 1120 246; baseline -0.007 -18"><span class='ocrx_word' id='word_1_1' title='bbox 263 193 347 240; x_wconf 78' lang='lat'><strong>810</strong></span> <span class='ocrx_word' id='word_1_2' title='bbox 387 211 391 216; x_wconf 90' lang='lat'><em>·</em></span> <span class='ocrx_word' id='word_1_3' title='bbox 724 186 1120 246; x_wconf 60' lang='lat' dir='ltr'><strong>Erxs&#39;ronmzum</strong></span> 
     </span>
    </p>
   </div>
   <div class='ocr_carea' id='block_1_2' title="bbox 244 298 1620 1463">
    <p class='ocr_par' dir='ltr' id='par_1_2' title="bbox 244 298 1575 666">
     <span class='ocr_line' id='line_1_2' title="bbox 258 298 1568 360; baseline -0.007 -11"><span class='ocrx_word' id='word_1_4' title='bbox 258 309 333 356; x_wconf 71' lang='lat' dir='ltr'><strong>Lre</strong></span> <span class='ocrx_word' id='word_1_5' title='bbox 360 305 508 348; x_wconf 89' lang='lat' dir='ltr'><strong>domos</strong></span> <span class='ocrx_word' id='word_1_6' title='bbox 534 304 710 360; x_wconf 86' lang='lat' dir='ltr'><strong>impune</strong></span> <span class='ocrx_word' id='word_1_7' title='bbox 735 301 903 343; x_wconf 84' lang='lat' dir='ltr'>minax:</span> <span class='ocrx_word' id='word_1_8' title='bbox 933 299 1115 344; x_wconf 83' lang='lat' dir='ltr'>doluere</span> <span class='ocrx_word' id='word_1_9' title='bbox 1144 309 1322 342; x_wconf 84' lang='lat' dir='ltr'><strong>cruento</strong></span> <span class='ocrx_word' id='word_1_10' title='bbox 1488 298 1568 346; x_wconf 79' lang='lat'><strong>150</strong></span> 
     </span>
     <span class='ocr_line' id='line_1_3' title="bbox 244 379 1297 435; baseline -0.009 -9"><span class='ocrx_word' id='word_1_11' title='bbox 244 379 406 426; x_wconf 78' lang='lat' dir='ltr'><strong>¹Dente</strong></span> <span class='ocrx_word' id='word_1_12' title='bbox 433 382 646 430; x_wconf 81' lang='lat' dir='ltr'><strong>lacessiti3</strong></span> <span class='ocrx_word' id='word_1_13' title='bbox 676 380 762 422; x_wconf 80' lang='lat' dir='ltr'><strong>fuit</strong></span> <span class='ocrx_word' id='word_1_14' title='bbox 787 379 963 421; x_wconf 82' lang='lat' dir='ltr'><strong>intactis</strong></span> <span class='ocrx_word' id='word_1_15' title='bbox 992 392 1165 435; x_wconf 82' lang='lat' dir='ltr'><strong>quoque</strong></span> <span class='ocrx_word' id='word_1_16' title='bbox 1195 390 1297 418; x_wconf 81' lang='lat' dir='ltr'><strong>cura</strong></span> 
     </span>
     <span class='ocr_line' id='line_1_4' title="bbox 261 454 1382 518; baseline -0.008 -11"><span class='ocrx_word' id='word_1_17' title='bbox 261 465 524 508; x_wconf 73' lang='lat' dir='ltr'><strong>conditione</strong></span> <span class='ocrx_word' id='word_1_18' title='bbox 552 476 685 518; x_wconf 84' lang='lat' dir='ltr'><strong>super</strong></span> <span class='ocrx_word' id='word_1_19' title='bbox 713 460 949 511; x_wconf 81' lang='lat' dir='ltr'><strong>communi3</strong></span> <span class='ocrx_word' id='word_1_20' title='bbox 977 457 1084 515; x_wconf 87' lang='lat' dir='ltr'><strong>quin</strong></span> <span class='ocrx_word' id='word_1_21' title='bbox 1125 457 1255 503; x_wconf 82' lang='lat' dir='ltr'><strong>etiam</strong></span> <span class='ocrx_word' id='word_1_22' title='bbox 1282 454 1382 507; x_wconf 84' lang='lat' dir='ltr'><strong>lex,</strong></span> 
     </span>
     <span class='ocr_line' id='line_1_5' title="bbox 260 531 1575 595; baseline -0.007 -13"><span class='ocrx_word' id='word_1_23' title='bbox 260 541 490 595; x_wconf 83' lang='lat' dir='ltr'><strong>Poenaque</strong></span> <span class='ocrx_word' id='word_1_24' title='bbox 516 537 629 588; x_wconf 75' lang='lat' dir='ltr'><strong>lata,</strong></span> <span class='ocrx_word' id='word_1_25' title='bbox 658 534 772 577; x_wconf 87' lang='lat' dir='ltr'><strong>malo</strong></span> <span class='ocrx_word' id='word_1_26' title='bbox 801 549 911 592; x_wconf 88' lang='lat' dir='ltr'><strong>quae</strong></span> <span class='ocrx_word' id='word_1_27' title='bbox 941 532 1082 575; x_wconf 79' lang='lat' dir='ltr'><strong>nollet</strong></span> <span class='ocrx_word' id='word_1_28' title='bbox 1110 531 1298 573; x_wconf 82' lang='lat' dir='ltr'>carmine</span> <span class='ocrx_word' id='word_1_29' title='bbox 1314 543 1575 588; x_wconf 65' lang='lat' dir='ltr'><strong>quemquam</strong></span> 
     </span>
     <span class='ocr_line' id='line_1_6' title="bbox 260 611 1393 666; baseline -0.009 -2"><span class='ocrx_word' id='word_1_30' title='bbox 260 618 496 664; x_wconf 85' lang='lat' dir='ltr'><strong>Describi:</strong></span> <span class='ocrx_word' id='word_1_31' title='bbox 523 628 700 661; x_wconf 78' lang='lat' dir='ltr'><strong>vertere</strong></span> <span class='ocrx_word' id='word_1_32' title='bbox 725 615 901 658; x_wconf 89' lang='lat' dir='ltr'><strong>modum</strong></span> <span class='ocrx_word' id='word_1_33' title='bbox 917 643 933 666; x_wconf 89' lang='lat'>‚</span> <span class='ocrx_word' id='word_1_34' title='bbox 960 611 1194 656; x_wconf 84' lang='lat' dir='ltr'><strong>formidine</strong></span> <span class='ocrx_word' id='word_1_35' title='bbox 1221 611 1348 654; x_wconf 83' lang='lat' dir='ltr'><strong>fustis</strong></span> <span class='ocrx_word' id='word_1_36' title='bbox 1365 615 1393 662; x_wconf 83' lang='lat'><strong>,¹</strong></span> 
     </span>
    </p>

    <p class='ocr_par' dir='ltr' id='par_1_3' title="bbox 259 686 1567 910">
     <span class='ocr_line' id='line_1_7' title="bbox 259 686 1567 749; baseline -0.006 -9"><span class='ocrx_word' id='word_1_37' title='bbox 259 699 336 743; x_wconf 88' lang='lat' dir='ltr'><strong>Ad</strong></span> <span class='ocrx_word' id='word_1_38' title='bbox 362 698 475 741; x_wconf 86' lang='lat' dir='ltr'><strong>bene</strong></span> <span class='ocrx_word' id='word_1_39' title='bbox 504 695 767 746; x_wconf 84' lang='lat' dir='ltr'><strong>dicendum,</strong></span> <span class='ocrx_word' id='word_1_40' title='bbox 795 692 1186 749; x_wconf 77' lang='lat' dir='ltr'><strong>delectandumque</strong></span> <span class='ocrx_word' id='word_1_41' title='bbox 1220 688 1403 731; x_wconf 79' lang='lat' dir='ltr'><strong>redacti.</strong></span> <span class='ocrx_word' id='word_1_42' title='bbox 1489 686 1567 735; x_wconf 84' lang='lat'><strong>155</strong></span> 
     </span>
     <span class='ocr_line' id='line_1_8' title="bbox 266 772 1411 832; baseline -0.006 -15"><span class='ocrx_word' id='word_1_43' title='bbox 266 776 450 817; x_wconf 83' lang='lat' dir='ltr'>Graecia</span> <span class='ocrx_word' id='word_1_44' title='bbox 481 784 608 832; x_wconf 80' lang='lat' dir='ltr'><strong>capta</strong></span> <span class='ocrx_word' id='word_1_45' title='bbox 637 775 782 818; x_wconf 85' lang='lat' dir='ltr'><strong>ferum</strong></span> <span class='ocrx_word' id='word_1_46' title='bbox 810 773 1021 814; x_wconf 82' lang='lat' dir='ltr'><strong>victorem</strong></span> <span class='ocrx_word' id='word_1_47' title='bbox 1050 772 1194 827; x_wconf 86' lang='lat' dir='ltr'><strong>cepit,</strong></span> <span class='ocrx_word' id='word_1_48' title='bbox 1223 779 1268 811; x_wconf 79' lang='lat' dir='ltr'><strong>et</strong></span> <span class='ocrx_word' id='word_1_49' title='bbox 1296 778 1411 811; x_wconf 82' lang='lat' dir='ltr'><strong>artes</strong></span> 
     </span>
     <span class='ocr_line' id='line_1_9' title="bbox 261 850 1226 910; baseline -0.004 -14"><span class='ocrx_word' id='word_1_50' title='bbox 261 855 421 898; x_wconf 80' lang='lat' dir='ltr'><strong>Intulit</strong></span> <span class='ocrx_word' id='word_1_51' title='bbox 447 855 604 910; x_wconf 80' lang='lat' dir='ltr'><strong>agresti</strong></span> <span class='ocrx_word' id='word_1_52' title='bbox 632 853 795 896; x_wconf 36' lang='lat' dir='ltr'><strong>Ladon</strong></span> <span class='ocrx_word' id='word_1_53' title='bbox 824 854 887 895; x_wconf 86' lang='lat' dir='ltr'><strong>sic</strong></span> <span class='ocrx_word' id='word_1_54' title='bbox 917 850 1122 894; x_wconf 86' lang='lat' dir='ltr'><strong>horridus</strong></span> <span class='ocrx_word' id='word_1_55' title='bbox 1150 851 1226 892; x_wconf 91' lang='lat' dir='ltr'><strong>ille</strong></span> 
     </span>
    </p>

    <p class='ocr_par' dir='ltr' id='par_1_4' title="bbox 261 929 1620 1463">
     <span class='ocr_line' id='line_1_10' title="bbox 261 929 1418 985; baseline -0.008 -7"><span class='ocrx_word' id='word_1_56' title='bbox 261 933 457 978; x_wconf 81' lang='lat' dir='ltr'><strong>Defluxit</strong></span> <span class='ocrx_word' id='word_1_57' title='bbox 485 946 688 974; x_wconf 88' lang='lat' dir='ltr'><strong>numerus</strong></span> <span class='ocrx_word' id='word_1_58' title='bbox 719 931 972 982; x_wconf 81' lang='lat' dir='ltr'><strong>Saturnius,</strong></span> <span class='ocrx_word' id='word_1_59' title='bbox 999 941 1044 972; x_wconf 87' lang='lat' dir='ltr'><strong>et</strong></span> <span class='ocrx_word' id='word_1_60' title='bbox 1072 944 1202 985; x_wconf 84' lang='lat' dir='ltr'><strong>grave</strong></span> <span class='ocrx_word' id='word_1_61' title='bbox 1231 929 1348 970; x_wconf 81' lang='lat' dir='ltr'><strong>virus</strong></span> <span class='ocrx_word' id='word_1_62' title='bbox 1416 965 1418 969; x_wconf 93' lang='lat'>.</span> 
     </span>
     <span class='ocr_line' id='line_1_11' title="bbox 263 1011 1519 1070; baseline -0.008 -13"><span class='ocrx_word' id='word_1_63' title='bbox 263 1013 516 1058; x_wconf 75' lang='lat' dir='ltr'><strong>munditiae</strong></span> <span class='ocrx_word' id='word_1_64' title='bbox 544 1013 780 1070; x_wconf 84' lang='lat' dir='ltr'><strong>pepulere:</strong></span> <span class='ocrx_word' id='word_1_65' title='bbox 811 1011 891 1054; x_wconf 87' lang='lat' dir='ltr'><strong>sed</strong></span> <span class='ocrx_word' id='word_1_66' title='bbox 919 1012 964 1054; x_wconf 91' lang='lat' dir='ltr'><strong>in</strong></span> <span class='ocrx_word' id='word_1_67' title='bbox 993 1011 1168 1067; x_wconf 82' lang='lat' dir='ltr'><strong>longum</strong></span> <span class='ocrx_word' id='word_1_68' title='bbox 1197 1012 1342 1051; x_wconf 83' lang='lat' dir='ltr'><strong>tamen</strong></span> <span class='ocrx_word' id='word_1_69' title='bbox 1368 1021 1519 1050; x_wconf 82' lang='lat' dir='ltr'><strong>aevum</strong></span> 
     </span>
     <span class='ocr_line' id='line_1_12' title="bbox 265 1081 1620 1146; baseline -0.005 -13"><span class='ocrx_word' id='word_1_70' title='bbox 265 1092 547 1142; x_wconf 84' lang='lat' dir='ltr'><strong>Manserunt,</strong></span> <span class='ocrx_word' id='word_1_71' title='bbox 575 1089 795 1146; x_wconf 81' lang='lat' dir='ltr'><strong>hodieque</strong></span> <span class='ocrx_word' id='word_1_72' title='bbox 824 1099 1023 1137; x_wconf 79' lang='lat' dir='ltr'><strong>manent,</strong></span> <span class='ocrx_word' id='word_1_73' title='bbox 1053 1087 1230 1142; x_wconf 80' lang='lat' dir='ltr'><strong>vestigia</strong></span> <span class='ocrx_word' id='word_1_74' title='bbox 1259 1085 1387 1128; x_wconf 83' lang='lat' dir='ltr'><strong>ruris.</strong></span> <span class='ocrx_word' id='word_1_75' title='bbox 1501 1081 1583 1128; x_wconf 82' lang='lat'><strong>160</strong></span> <span class='ocrx_word' id='word_1_76' title='bbox 1618 1083 1620 1086; x_wconf 73' lang='grc'><strong>’</strong></span> 
     </span>
     <span class='ocr_line' id='line_1_13' title="bbox 264 1166 1473 1221; baseline -0.006 -7"><span class='ocrx_word' id='word_1_77' title='bbox 264 1172 394 1214; x_wconf 77' lang='lat' dir='ltr'><strong>Serus</strong></span> <span class='ocrx_word' id='word_1_78' title='bbox 424 1171 540 1214; x_wconf 86' lang='lat' dir='ltr'><strong>enim</strong></span> <span class='ocrx_word' id='word_1_79' title='bbox 567 1171 744 1212; x_wconf 83' lang='lat' dir='ltr'><strong>Graecis</strong></span> <span class='ocrx_word' id='word_1_80' title='bbox 764 1169 964 1211; x_wconf 52' lang='lat' dir='ltr'><strong>&gt;admovit</strong></span> <span class='ocrx_word' id='word_1_81' title='bbox 991 1169 1188 1211; x_wconf 79' lang='lat' dir='ltr'><strong>acumina</strong></span> <span class='ocrx_word' id='word_1_82' title='bbox 1218 1167 1421 1221; x_wconf 35' lang='lat' dir='ltr'><strong>chartisffi</strong></span> <span class='ocrx_word' id='word_1_83' title='bbox 1471 1166 1473 1169; x_wconf 83' lang='grc'><strong>’</strong></span> 
     </span>
     <span class='ocr_line' id='line_1_14' title="bbox 265 1240 1470 1302; baseline -0.005 -15"><span class='ocrx_word' id='word_1_84' title='bbox 265 1246 347 1298; x_wconf 83' lang='lat' dir='ltr'><strong>Et,</strong></span> <span class='ocrx_word' id='word_1_85' title='bbox 375 1255 475 1302; x_wconf 84' lang='lat' dir='ltr'><strong>post</strong></span> <span class='ocrx_word' id='word_1_86' title='bbox 502 1245 667 1286; x_wconf 85' lang='lat' dir='ltr'><strong>Punica</strong></span> <span class='ocrx_word' id='word_1_87' title='bbox 693 1243 811 1284; x_wconf 82' lang='lat' dir='ltr'><strong>bella</strong></span> <span class='ocrx_word' id='word_1_88' title='bbox 839 1244 1038 1299; x_wconf 56' lang='lat' dir='ltr'><strong>quietus),</strong></span> <span class='ocrx_word' id='word_1_89' title='bbox 1068 1257 1276 1298; x_wconf 77' lang='lat' dir='ltr'><strong>quaerere</strong></span> <span class='ocrx_word' id='word_1_90' title='bbox 1301 1240 1470 1297; x_wconf 80' lang='lat' dir='ltr'><strong>coepit,</strong></span> 
     </span>
     <span class='ocr_line' id='line_1_15' title="bbox 266 1319 1578 1388; baseline -0.007 -20"><span class='ocrx_word' id='word_1_91' title='bbox 266 1325 386 1388; x_wconf 74' lang='lat' dir='ltr'><strong>Quid</strong></span> <span class='ocrx_word' id='word_1_92' title='bbox 404 1325 657 1383; x_wconf 69' lang='lat' dir='ltr'><strong>Sophocles²</strong></span> <span class='ocrx_word' id='word_1_93' title='bbox 669 1334 714 1367; x_wconf 82' lang='lat' dir='ltr'><strong>et</strong></span> <span class='ocrx_word' id='word_1_94' title='bbox 726 1323 927 1380; x_wconf 83' lang='lat' dir='ltr'><strong>Thespis,</strong></span> <span class='ocrx_word' id='word_1_95' title='bbox 941 1332 985 1364; x_wconf 84' lang='lat' dir='ltr'><strong>et</strong></span> <span class='ocrx_word' id='word_1_96' title='bbox 995 1320 1245 1378; x_wconf 82' lang='lat' dir='ltr'><strong>Aeschylus</strong></span> <span class='ocrx_word' id='word_1_97' title='bbox 1268 1319 1578 1365; x_wconf 76' lang='lat' dir='ltr'><strong>utileferrent..</strong></span> 
     </span>
     <span class='ocr_line' id='line_1_16' title="bbox 265 1402 1423 1463; baseline -0.006 -14"><span class='ocrx_word' id='word_1_98' title='bbox 265 1406 466 1449; x_wconf 74' lang='lat' dir='ltr'><strong>Tentavit</strong></span> <span class='ocrx_word' id='word_1_99' title='bbox 492 1420 691 1463; x_wconf 85' lang='lat' dir='ltr'><strong>quoque,</strong></span> <span class='ocrx_word' id='word_1_100' title='bbox 719 1419 814 1446; x_wconf 85' lang='lat' dir='ltr'><strong>rem</strong></span> <span class='ocrx_word' id='word_1_101' title='bbox 833 1403 872 1446; x_wconf 85' lang='lat' dir='ltr'><strong>si</strong></span> <span class='ocrx_word' id='word_1_102' title='bbox 901 1402 1030 1459; x_wconf 80' lang='lat' dir='ltr'><strong>digne</strong></span> <span class='ocrx_word' id='word_1_103' title='bbox 1057 1411 1228 1445; x_wconf 85' lang='lat' dir='ltr'><strong>vertere</strong></span> <span class='ocrx_word' id='word_1_104' title='bbox 1253 1410 1423 1459; x_wconf 61' lang='lat' dir='ltr'><strong>possen</strong></span> 
     </span>
    </p>
   </div>
   <div class='ocr_carea' id='block_1_3' title="bbox 269 1505 1587 1694">
    <p class='ocr_par' dir='ltr' id='par_1_5' title="bbox 269 1505 1587 1694">
     <span class='ocr_line' id='line_1_17' title="bbox 356 1505 1584 1579; baseline -0.007 -10"><span class='ocrx_word' id='word_1_105' title='bbox 356 1535 422 1569; x_wconf 73' lang='lat'><strong>150</strong></span> <span class='ocrx_word' id='word_1_106' title='bbox 447 1533 515 1570; x_wconf 81' lang='lat' dir='ltr'><strong>Ire</strong></span> <span class='ocrx_word' id='word_1_107' title='bbox 560 1533 710 1568; x_wconf 78' lang='lat' dir='ltr'><strong>minax</strong></span> <span class='ocrx_word' id='word_1_108' title='bbox 748 1531 912 1575; x_wconf 80' lang='lat' dir='ltr'><strong>impune</strong></span> <span class='ocrx_word' id='word_1_109' title='bbox 950 1529 1091 1565; x_wconf 81' lang='lat' dir='ltr'><strong>domos</strong></span> <span class='ocrx_word' id='word_1_110' title='bbox 1122 1538 1219 1564; x_wconf 84' lang='lat' dir='ltr'><strong>mss.</strong></span> <span class='ocrx_word' id='word_1_111' title='bbox 1258 1526 1357 1573; x_wconf 75' lang='lat' dir='ltr'><strong>apud</strong></span> <span class='ocrx_word' id='word_1_112' title='bbox 1403 1505 1584 1579; x_wconf 54' lang='lat' dir='ltr'><strong>bombe,</strong></span> 
     </span>
     <span class='ocr_line' id='line_1_18' title="bbox 269 1585 1587 1630; baseline -0.008 -1"><span class='ocrx_word' id='word_1_113' title='bbox 269 1597 451 1629; x_wconf 69' lang='lat' dir='ltr'><strong>notatum</strong></span> <span class='ocrx_word' id='word_1_114' title='bbox 493 1603 545 1628; x_wconf 86' lang='lat' dir='ltr'><strong>ex</strong></span> <span class='ocrx_word' id='word_1_115' title='bbox 583 1602 659 1628; x_wconf 85' lang='lat' dir='ltr'><strong>ms.</strong></span> <span class='ocrx_word' id='word_1_116' title='bbox 693 1592 730 1628; x_wconf 88' lang='lat' dir='ltr'><strong>in</strong></span> <span class='ocrx_word' id='word_1_117' title='bbox 770 1590 934 1625; x_wconf 80' lang='lat' dir='ltr'><strong>editione</strong></span> <span class='ocrx_word' id='word_1_118' title='bbox 968 1589 1057 1623; x_wconf 86' lang='lat' dir='ltr'><strong>Aldi</strong></span> <span class='ocrx_word' id='word_1_119' title='bbox 1087 1590 1183 1627; x_wconf 82' lang='lat'>1519.</span> <span class='ocrx_word' id='word_1_120' title='bbox 1217 1587 1318 1624; x_wconf 71' lang='lat' dir='ltr'><strong>Bihl.</strong></span> <span class='ocrx_word' id='word_1_121' title='bbox 1354 1585 1517 1630; x_wconf 83' lang='lat' dir='ltr'><strong>Angei.,</strong></span> <span class='ocrx_word' id='word_1_122' title='bbox 1547 1590 1587 1620; x_wconf 85' lang='lat' dir='ltr'><strong>et</strong></span> 
     </span>
     <span class='ocr_line' id='line_1_19' title="bbox 271 1643 1584 1694; baseline -0.007 -4"><span class='ocrx_word' id='word_1_123' title='bbox 271 1654 319 1692; x_wconf 73' lang='lat' dir='ltr'><strong>ita</strong></span> <span class='ocrx_word' id='word_1_124' title='bbox 336 1653 438 1689; x_wconf 83' lang='lat' dir='ltr'><strong>Dan.</strong></span> <span class='ocrx_word' id='word_1_125' title='bbox 465 1653 597 1689; x_wconf 82' lang='lat' dir='ltr'><strong>Heius.</strong></span> <span class='ocrx_word' id='word_1_126' title='bbox 643 1647 737 1687; x_wconf 79' lang='lat'><em>150*</em></span> <span class='ocrx_word' id='word_1_127' title='bbox 761 1650 904 1686; x_wconf 86' lang='lat' dir='ltr'><strong>domus</strong></span> <span class='ocrx_word' id='word_1_128' title='bbox 925 1648 973 1685; x_wconf 90' lang='lat' dir='ltr'><strong>V.</strong></span> <span class='ocrx_word' id='word_1_129' title='bbox 999 1648 1050 1686; x_wconf 88' lang='lat' dir='ltr'><strong>O.</strong></span> <span class='ocrx_word' id='word_1_130' title='bbox 1097 1650 1161 1683; x_wconf 77' lang='lat'><strong>153</strong></span> <span class='ocrx_word' id='word_1_131' title='bbox 1185 1648 1403 1694; x_wconf 80' lang='lat' dir='ltr'><strong>Poenaque</strong></span> <span class='ocrx_word' id='word_1_132' title='bbox 1425 1649 1527 1680; x_wconf 84' lang='lat' dir='ltr'><strong>nata</strong></span> <span class='ocrx_word' id='word_1_133' title='bbox 1537 1643 1584 1681; x_wconf 91' lang='lat' dir='ltr'><strong>V.</strong></span> 
     </span>
    </p>
   </div>
   <div class='ocr_carea' id='block_1_4' title="bbox 267 1697 1589 1817">
    <p class='ocr_par' dir='ltr' id='par_1_6' title="bbox 267 1697 1589 1817">
     <span class='ocr_line' id='line_1_20' title="bbox 267 1697 1586 1757; baseline -0.01 -6"><span class='ocrx_word' id='word_1_134' title='bbox 267 1713 328 1750; x_wconf 84' lang='lat' dir='ltr'><strong>D.</strong></span> <span class='ocrx_word' id='word_1_135' title='bbox 353 1712 404 1757; x_wconf 64' lang='lat' dir='ltr'><strong>G²</strong></span> <span class='ocrx_word' id='word_1_136' title='bbox 434 1712 470 1748; x_wconf 87' lang='lat' dir='ltr'><strong>s.</strong></span> <span class='ocrx_word' id='word_1_137' title='bbox 496 1724 516 1747; x_wconf 78' lang='lat' dir='ltr'>a</span> <span class='ocrx_word' id='word_1_138' title='bbox 541 1721 571 1747; x_wconf 82' lang='lat'><strong>1.</strong></span> <span class='ocrx_word' id='word_1_139' title='bbox 598 1723 653 1747; x_wconf 83' lang='lat' dir='ltr'><strong>m.</strong></span> <span class='ocrx_word' id='word_1_140' title='bbox 679 1710 745 1745; x_wconf 69' lang='lat' dir='ltr'><strong>vr.</strong></span> <span class='ocrx_word' id='word_1_141' title='bbox 769 1710 818 1744; x_wconf 89' lang='lat' dir='ltr'><strong>A.</strong></span> <span class='ocrx_word' id='word_1_142' title='bbox 847 1709 891 1742; x_wconf 91' lang='lat' dir='ltr'><strong>c.</strong></span> <span class='ocrx_word' id='word_1_143' title='bbox 916 1708 973 1743; x_wconf 87' lang='lat' dir='ltr'><strong>D.</strong></span> <span class='ocrx_word' id='word_1_144' title='bbox 997 1707 1043 1742; x_wconf 88' lang='lat' dir='ltr'><strong>E.</strong></span> <span class='ocrx_word' id='word_1_145' title='bbox 1070 1697 1141 1753; x_wconf 67' lang='grc' dir='ltr'><strong>νρ.</strong></span> <span class='ocrx_word' id='word_1_146' title='bbox 1168 1707 1218 1742; x_wconf 56' lang='lat' dir='ltr'><strong>c.&lt;</strong></span> <span class='ocrx_word' id='word_1_147' title='bbox 1242 1706 1311 1741; x_wconf 75' lang='lat' dir='ltr'><strong>eh.</strong></span> <span class='ocrx_word' id='word_1_148' title='bbox 1336 1706 1381 1740; x_wconf 91' lang='lat' dir='ltr'><strong>A.</strong></span> <span class='ocrx_word' id='word_1_149' title='bbox 1419 1704 1488 1740; x_wconf 85' lang='lat' dir='ltr'><strong>E..</strong></span> <span class='ocrx_word' id='word_1_150' title='bbox 1525 1702 1586 1738; x_wconf 74' lang='lat' dir='ltr'><strong>am</strong></span> 
     </span>
     <span class='ocr_line' id='line_1_21' title="bbox 269 1762 1589 1817; baseline -0.007 -9"><span class='ocrx_word' id='word_1_151' title='bbox 269 1782 367 1809; x_wconf 84' lang='lat' dir='ltr'><strong>mss.</strong></span> <span class='ocrx_word' id='word_1_152' title='bbox 402 1771 502 1817; x_wconf 85' lang='lat' dir='ltr'><strong>apud</strong></span> <span class='ocrx_word' id='word_1_153' title='bbox 537 1770 658 1806; x_wconf 85' lang='lat' dir='ltr'><strong>Torr.</strong></span> <span class='ocrx_word' id='word_1_154' title='bbox 693 1769 792 1804; x_wconf 88' lang='lat' dir='ltr'><strong>Cun.</strong></span> <span class='ocrx_word' id='word_1_155' title='bbox 827 1766 912 1803; x_wconf 75' lang='lat' dir='ltr'><strong>val.</strong></span> <span class='ocrx_word' id='word_1_156' title='bbox 949 1766 1050 1801; x_wconf 83' lang='lat' dir='ltr'><strong>data</strong></span> <span class='ocrx_word' id='word_1_157' title='bbox 1085 1766 1155 1801; x_wconf 73' lang='lat' dir='ltr'><strong>Ba.</strong></span> <span class='ocrx_word' id='word_1_158' title='bbox 1192 1769 1240 1801; x_wconf 82' lang='lat' dir='ltr'><strong>A.</strong></span> <span class='ocrx_word' id='word_1_159' title='bbox 1265 1769 1436 1809; x_wconf 79' lang='lat' dir='ltr'><strong>sancta,</strong></span> <span class='ocrx_word' id='word_1_160' title='bbox 1472 1762 1589 1800; x_wconf 75' lang='lat' dir='ltr'><strong>mulo</strong></span> 
     </span>
    </p>
   </div>
   <div class='ocr_carea' id='block_1_5' title="bbox 270 1823 1649 1879">
    <p class='ocr_par' dir='ltr' id='par_1_7' title="bbox 270 1823 1649 1879">
     <span class='ocr_line' id='line_1_22' title="bbox 270 1823 1649 1879; baseline -0.005 -13"><span class='ocrx_word' id='word_1_161' title='bbox 270 1831 396 1867; x_wconf 76' lang='lat' dir='ltr'><strong>nollet</strong></span> <span class='ocrx_word' id='word_1_162' title='bbox 418 1842 521 1879; x_wconf 75' lang='lat' dir='ltr'><strong>quae</strong></span> <span class='ocrx_word' id='word_1_163' title='bbox 544 1830 646 1865; x_wconf 91' lang='lat' dir='ltr'><strong>Cun.</strong></span> <span class='ocrx_word' id='word_1_164' title='bbox 672 1829 854 1864; x_wconf 87' lang='lat' dir='ltr'><strong>audacter</strong></span> <span class='ocrx_word' id='word_1_165' title='bbox 878 1838 989 1863; x_wconf 87' lang='lat' dir='ltr'><strong>more</strong></span> <span class='ocrx_word' id='word_1_166' title='bbox 1014 1837 1099 1862; x_wconf 86' lang='lat' dir='ltr'><strong>suo.</strong></span> <span class='ocrx_word' id='word_1_167' title='bbox 1116 1826 1258 1861; x_wconf 82' lang='lat' dir='ltr'><strong>Alludit</strong></span> <span class='ocrx_word' id='word_1_168' title='bbox 1280 1825 1326 1859; x_wconf 86' lang='lat' dir='ltr'><strong>ad</strong></span> <span class='ocrx_word' id='word_1_169' title='bbox 1348 1825 1474 1868; x_wconf 83' lang='lat' dir='ltr'><strong>Leges</strong></span> <span class='ocrx_word' id='word_1_170' title='bbox 1496 1823 1587 1860; x_wconf 81' lang='lat' dir='ltr'>XII.</span> <span class='ocrx_word' id='word_1_171' title='bbox 1646 1861 1649 1863; x_wconf 73' lang='grc'><strong>,</strong></span> 
     </span>
    </p>
   </div>
   <div class='ocr_carea' id='block_1_6' title="bbox 270 1877 1631 1936">
    <p class='ocr_par' dir='ltr' id='par_1_8' title="bbox 270 1877 1631 1936">
     <span class='ocr_line' id='line_1_23' title="bbox 270 1877 1631 1936; baseline -0.006 -10"><span class='ocrx_word' id='word_1_172' title='bbox 270 1891 514 1927; x_wconf 72' lang='lat' dir='ltr'>Tabularum</span> <span class='ocrx_word' id='word_1_173' title='bbox 531 1917 542 1935; x_wconf 93' lang='lat'>‚</span> <span class='ocrx_word' id='word_1_174' title='bbox 576 1890 622 1924; x_wconf 92' lang='lat' dir='ltr'><strong>de</strong></span> <span class='ocrx_word' id='word_1_175' title='bbox 656 1889 798 1936; x_wconf 88' lang='lat' dir='ltr'><strong>quibus</strong></span> <span class='ocrx_word' id='word_1_176' title='bbox 830 1887 972 1924; x_wconf 87' lang='lat' dir='ltr'><strong>Cicero</strong></span> <span class='ocrx_word' id='word_1_177' title='bbox 1002 1885 1047 1921; x_wconf 91' lang='lat' dir='ltr'><strong>de</strong></span> <span class='ocrx_word' id='word_1_178' title='bbox 1074 1885 1244 1932; x_wconf 84' lang='lat' dir='ltr'><strong>Republ.</strong></span> <span class='ocrx_word' id='word_1_179' title='bbox 1270 1884 1334 1919; x_wconf 87' lang='lat' dir='ltr'><strong>lib.</strong></span> <span class='ocrx_word' id='word_1_180' title='bbox 1360 1880 1392 1920; x_wconf 66' lang='lat' dir='ltr'><strong>lt.</strong></span> <span class='ocrx_word' id='word_1_181' title='bbox 1417 1877 1457 1918; x_wconf 65' lang='lat' dir='ltr'><strong>ei</strong></span> <span class='ocrx_word' id='word_1_182' title='bbox 1475 1883 1587 1919; x_wconf 84' lang='lat' dir='ltr'><strong>Tus-</strong></span> <span class='ocrx_word' id='word_1_183' title='bbox 1626 1887 1631 1893; x_wconf 88' lang='grc'><em>’</em></span> 
     </span>
    </p>
   </div>
   <div class='ocr_carea' id='block_1_7' title="bbox 273 1940 1662 1999">
    <p class='ocr_par' dir='ltr' id='par_1_9' title="bbox 273 1940 1662 1999">
     <span class='ocr_line' id='line_1_24' title="bbox 273 1940 1662 1999; baseline -0.006 -13"><span class='ocrx_word' id='word_1_184' title='bbox 273 1949 349 1986; x_wconf 86' lang='lat' dir='ltr'><strong>cul.</strong></span> <span class='ocrx_word' id='word_1_185' title='bbox 373 1955 521 1996; x_wconf 86' lang='lat' dir='ltr'><strong>quaest.</strong></span> <span class='ocrx_word' id='word_1_186' title='bbox 546 1948 614 1984; x_wconf 82' lang='lat' dir='ltr'><strong>lib.</strong></span> <span class='ocrx_word' id='word_1_187' title='bbox 636 1947 669 1985; x_wconf 78' lang='lat'><strong>4.</strong></span> <span class='ocrx_word' id='word_1_188' title='bbox 696 1949 817 1999; x_wconf 84' lang='lat' dir='ltr'><strong>princ.</strong></span> <span class='ocrx_word' id='word_1_189' title='bbox 839 1948 878 1983; x_wconf 87' lang='lat' dir='ltr'><strong>S.</strong></span> <span class='ocrx_word' id='word_1_190' title='bbox 902 1946 1140 1990; x_wconf 80' lang='lat' dir='ltr'><strong>Augustinus</strong></span> <span class='ocrx_word' id='word_1_191' title='bbox 1165 1945 1211 1979; x_wconf 87' lang='lat' dir='ltr'><strong>de</strong></span> <span class='ocrx_word' id='word_1_192' title='bbox 1237 1944 1320 1979; x_wconf 90' lang='lat' dir='ltr'><strong>Civ.</strong></span> <span class='ocrx_word' id='word_1_193' title='bbox 1347 1943 1424 1979; x_wconf 89' lang='lat' dir='ltr'><strong>Dei</strong></span> <span class='ocrx_word' id='word_1_194' title='bbox 1449 1942 1515 1982; x_wconf 79' lang='lat' dir='ltr'><strong>lib.</strong></span> <span class='ocrx_word' id='word_1_195' title='bbox 1552 1943 1588 1979; x_wconf 75' lang='lat'><strong>2.</strong></span> <span class='ocrx_word' id='word_1_196' title='bbox 1617 1954 1619 1956; x_wconf 90' lang='lat'>·</span> <span class='ocrx_word' id='word_1_197' title='bbox 1660 1940 1662 1942; x_wconf 71' lang='grc'><strong>’</strong></span> 
     </span>
    </p>
   </div>
   <div class='ocr_carea' id='block_1_8' title="bbox 273 2002 1644 2532">
    <p class='ocr_par' dir='ltr' id='par_1_10' title="bbox 273 2002 1644 2532">
     <span class='ocr_line' id='line_1_25' title="bbox 274 2002 1589 2050; baseline -0.005 -5"><span class='ocrx_word' id='word_1_198' title='bbox 274 2021 311 2046; x_wconf 89' lang='lat' dir='ltr'><strong>c.</strong></span> <span class='ocrx_word' id='word_1_199' title='bbox 337 2012 370 2048; x_wconf 81' lang='lat'><strong>9.</strong></span> <span class='ocrx_word' id='word_1_200' title='bbox 397 2015 435 2043; x_wconf 90' lang='lat' dir='ltr'><strong>et</strong></span> <span class='ocrx_word' id='word_1_201' title='bbox 459 2010 515 2043; x_wconf 82' lang='lat'><strong>12.</strong></span> <span class='ocrx_word' id='word_1_202' title='bbox 541 2008 740 2044; x_wconf 78' lang='lat' dir='ltr'><strong>Cornutus</strong></span> <span class='ocrx_word' id='word_1_203' title='bbox 765 2008 812 2043; x_wconf 87' lang='lat' dir='ltr'><strong>ad</strong></span> <span class='ocrx_word' id='word_1_204' title='bbox 835 2008 950 2047; x_wconf 78' lang='lat' dir='ltr'><strong>Pers.</strong></span> <span class='ocrx_word' id='word_1_205' title='bbox 975 2011 1047 2043; x_wconf 76' lang='lat' dir='ltr'><strong>sat.</strong></span> <span class='ocrx_word' id='word_1_206' title='bbox 1072 2010 1102 2042; x_wconf 87' lang='lat'><strong>1.</strong></span> <span class='ocrx_word' id='word_1_207' title='bbox 1119 2032 1130 2050; x_wconf 85' lang='lat'><strong>,</strong></span> <span class='ocrx_word' id='word_1_208' title='bbox 1157 2007 1240 2041; x_wconf 84' lang='lat' dir='ltr'><strong>fuse</strong></span> <span class='ocrx_word' id='word_1_209' title='bbox 1267 2005 1411 2040; x_wconf 82' lang='lat' dir='ltr'><strong>Savaro</strong></span> <span class='ocrx_word' id='word_1_210' title='bbox 1452 2002 1498 2038; x_wconf 84' lang='lat' dir='ltr'><strong>ad</strong></span> <span class='ocrx_word' id='word_1_211' title='bbox 1529 2002 1589 2038; x_wconf 82' lang='lat' dir='ltr'><strong>Si·</strong></span> 
     </span>
     <span class='ocr_line' id='line_1_26' title="bbox 273 2065 1587 2115; baseline -0.004 -12"><span class='ocrx_word' id='word_1_212' title='bbox 273 2068 364 2104; x_wconf 84' lang='lat' dir='ltr'><strong>don.</strong></span> <span class='ocrx_word' id='word_1_213' title='bbox 387 2066 558 2114; x_wconf 86' lang='lat' dir='ltr'><strong>Apollin.</strong></span> <span class='ocrx_word' id='word_1_214' title='bbox 581 2067 611 2103; x_wconf 91' lang='grc' dir='ltr'><strong>Ι.</strong></span> <span class='ocrx_word' id='word_1_215' title='bbox 638 2068 749 2115; x_wconf 84' lang='lat' dir='ltr'><strong>epist.</strong></span> <span class='ocrx_word' id='word_1_216' title='bbox 771 2071 825 2105; x_wconf 82' lang='lat'><strong>12.</strong></span> <span class='ocrx_word' id='word_1_217' title='bbox 850 2080 886 2115; x_wconf 88' lang='lat' dir='ltr'><strong>p.</strong></span> <span class='ocrx_word' id='word_1_218' title='bbox 910 2069 1003 2111; x_wconf 47' lang='lat'><strong>78„</strong></span> <span class='ocrx_word' id='word_1_219' title='bbox 1020 2065 1162 2111; x_wconf 82' lang='lat' dir='ltr'><strong>aliique</strong></span> <span class='ocrx_word' id='word_1_220' title='bbox 1188 2065 1444 2107; x_wconf 81' lang='lat' dir='ltr'><strong>recentiores,</strong></span> <span class='ocrx_word' id='word_1_221' title='bbox 1470 2073 1587 2110; x_wconf 85' lang='lat' dir='ltr'><strong>prae-</strong></span> 
     </span>
     <span class='ocr_line' id='line_1_27' title="bbox 273 2124 1617 2172; baseline -0.006 -8"><span class='ocrx_word' id='word_1_222' title='bbox 273 2129 409 2164; x_wconf 79' lang='lat' dir='ltr'><strong>sertim</strong></span> <span class='ocrx_word' id='word_1_223' title='bbox 444 2127 529 2162; x_wconf 86' lang='lat' dir='ltr'><strong>Icti.</strong></span> <span class='ocrx_word' id='word_1_224' title='bbox 557 2126 640 2163; x_wconf 87' lang='lat' dir='ltr'><strong>Vid.</strong></span> <span class='ocrx_word' id='word_1_225' title='bbox 676 2127 727 2165; x_wconf 88' lang='grc' dir='ltr'><strong>Π.</strong></span> <span class='ocrx_word' id='word_1_226' title='bbox 763 2131 833 2163; x_wconf 85' lang='lat' dir='ltr'><strong>sat.</strong></span> <span class='ocrx_word' id='word_1_227' title='bbox 864 2133 899 2163; x_wconf 86' lang='lat'><strong>1.</strong></span> <span class='ocrx_word' id='word_1_228' title='bbox 923 2129 978 2163; x_wconf 85' lang='grc'><strong>81.</strong></span> <span class='ocrx_word' id='word_1_229' title='bbox 1009 2136 1123 2172; x_wconf 83' lang='lat' dir='ltr'><strong>seqq.</strong></span> <span class='ocrx_word' id='word_1_230' title='bbox 1155 2124 1202 2159; x_wconf 90' lang='lat' dir='ltr'><strong>de</strong></span> <span class='ocrx_word' id='word_1_231' title='bbox 1235 2125 1331 2159; x_wconf 89' lang='lat' dir='ltr'><strong>Arte</strong></span> <span class='ocrx_word' id='word_1_232' title='bbox 1362 2128 1467 2170; x_wconf 80' lang='lat' dir='ltr'><strong>poet.</strong></span> <span class='ocrx_word' id='word_1_233' title='bbox 1507 2124 1617 2157; x_wconf 40' lang='lat'><strong>2822</strong></span> 
     </span>
     <span class='ocr_line' id='line_1_28' title="bbox 275 2180 1594 2234; baseline -0.005 -11"><span class='ocrx_word' id='word_1_234' title='bbox 275 2197 395 2234; x_wconf 84' lang='lat' dir='ltr'><strong>seqq.</strong></span> <span class='ocrx_word' id='word_1_235' title='bbox 420 2186 536 2234; x_wconf 86' lang='lat' dir='ltr'><strong>Apud</strong></span> <span class='ocrx_word' id='word_1_236' title='bbox 560 2186 731 2234; x_wconf 71' lang='lat' dir='ltr'><strong>Proper-t</strong></span> <span class='ocrx_word' id='word_1_237' title='bbox 752 2186 819 2223; x_wconf 92' lang='lat' dir='ltr'><strong>IV.</strong></span> <span class='ocrx_word' id='word_1_238' title='bbox 843 2187 895 2223; x_wconf 82' lang='lat' dir='ltr'><strong>el.</strong></span> <span class='ocrx_word' id='word_1_239' title='bbox 919 2190 973 2222; x_wconf 89' lang='lat'><strong>11.</strong></span> <span class='ocrx_word' id='word_1_240' title='bbox 996 2180 1049 2221; x_wconf 80' lang='lat'><strong>42.</strong></span> <span class='ocrx_word' id='word_1_241' title='bbox 1074 2195 1126 2219; x_wconf 88' lang='lat' dir='ltr'><strong>ex</strong></span> <span class='ocrx_word' id='word_1_242' title='bbox 1147 2193 1224 2220; x_wconf 85' lang='lat' dir='ltr'><strong>ms.</strong></span> <span class='ocrx_word' id='word_1_243' title='bbox 1247 2184 1347 2228; x_wconf 84' lang='lat' dir='ltr'><strong>lege:</strong></span> <span class='ocrx_word' id='word_1_244' title='bbox 1370 2182 1449 2217; x_wconf 85' lang='lat' dir='ltr'><strong>Me</strong></span> <span class='ocrx_word' id='word_1_245' title='bbox 1464 2183 1594 2226; x_wconf 73' lang='lat' dir='ltr'><strong>neque</strong></span> 
     </span>
     <span class='ocr_line' id='line_1_29' title="bbox 278 2237 1594 2297; baseline -0.005 -15"><span class='ocrx_word' id='word_1_246' title='bbox 278 2257 477 2283; x_wconf 81' lang='lat' dir='ltr'><strong>censurae</strong></span> <span class='ocrx_word' id='word_1_247' title='bbox 507 2246 637 2295; x_wconf 75' lang='lat' dir='ltr'><strong>Zeqem</strong></span> <span class='ocrx_word' id='word_1_248' title='bbox 667 2247 867 2297; x_wconf 21' lang='lat' dir='ltr'><strong>metuisse,</strong></span> <span class='ocrx_word' id='word_1_249' title='bbox 891 2246 983 2293; x_wconf 82' lang='lat' dir='ltr'><strong>(pro</strong></span> <span class='ocrx_word' id='word_1_250' title='bbox 1007 2242 1208 2285; x_wconf 82' lang='lat' dir='ltr'><strong>mollisse)</strong></span> <span class='ocrx_word' id='word_1_251' title='bbox 1226 2269 1238 2287; x_wconf 91' lang='lat'>,</span> <span class='ocrx_word' id='word_1_252' title='bbox 1262 2253 1335 2278; x_wconf 81' lang='lat' dir='ltr'><strong>nec</strong></span> <span class='ocrx_word' id='word_1_253' title='bbox 1357 2241 1445 2276; x_wconf 82' lang='lat' dir='ltr'><strong>ulla</strong></span> <span class='ocrx_word' id='word_1_254' title='bbox 1477 2237 1594 2276; x_wconf 74' lang='lat' dir='ltr'><strong>Labe</strong></span> 
     </span>
     <span class='ocr_line' id='line_1_30' title="bbox 277 2302 1591 2354; baseline -0.01 -8"><span class='ocrx_word' id='word_1_255' title='bbox 277 2320 371 2354; x_wconf 72' lang='lat' dir='ltr'><strong>mea</strong></span> <span class='ocrx_word' id='word_1_256' title='bbox 392 2311 557 2349; x_wconf 66' lang='lat' dir='ltr'><strong>nostros</strong></span> <span class='ocrx_word' id='word_1_257' title='bbox 580 2305 786 2349; x_wconf 68' lang='lat' dir='ltr'><strong>erubuisse</strong></span> <span class='ocrx_word' id='word_1_258' title='bbox 799 2306 941 2352; x_wconf 88' lang='lat' dir='ltr'><strong>focos.</strong></span> <span class='ocrx_word' id='word_1_259' title='bbox 989 2307 1050 2340; x_wconf 85' lang='lat'><strong>158</strong></span> <span class='ocrx_word' id='word_1_260' title='bbox 1073 2304 1113 2340; x_wconf 79' lang='grc' dir='ltr'><strong>υἱ</strong></span> <span class='ocrx_word' id='word_1_261' title='bbox 1134 2314 1207 2338; x_wconf 81' lang='lat' dir='ltr'><strong>rus</strong></span> <span class='ocrx_word' id='word_1_262' title='bbox 1229 2303 1438 2340; x_wconf 84' lang='lat' dir='ltr'><strong>coniiciunt</strong></span> <span class='ocrx_word' id='word_1_263' title='bbox 1464 2302 1591 2340; x_wconf 53' lang='lat' dir='ltr'><strong>exura—</strong></span> 
     </span>
     <span class='ocr_line' id='line_1_31' title="bbox 274 2359 1595 2414; baseline -0.009 -9"><span class='ocrx_word' id='word_1_264' title='bbox 274 2374 366 2414; x_wconf 79' lang='lat' dir='ltr'><strong>tus‚</strong></span> <span class='ocrx_word' id='word_1_265' title='bbox 400 2367 725 2411; x_wconf 43' lang='lat' dir='ltr'><strong>et2Rutgersiu33</strong></span> <span class='ocrx_word' id='word_1_266' title='bbox 772 2367 912 2402; x_wconf 88' lang='lat' dir='ltr'><strong>refutat</strong></span> <span class='ocrx_word' id='word_1_267' title='bbox 943 2364 1070 2400; x_wconf 76' lang='lat' dir='ltr'><strong>Bentl.</strong></span> <span class='ocrx_word' id='word_1_268' title='bbox 1139 2361 1238 2397; x_wconf 79' lang='lat'><strong>162*</strong></span> <span class='ocrx_word' id='word_1_269' title='bbox 1271 2371 1435 2397; x_wconf 82' lang='lat' dir='ltr'><strong>cernere</strong></span> <span class='ocrx_word' id='word_1_270' title='bbox 1465 2359 1595 2406; x_wconf 76' lang='lat' dir='ltr'><strong>eoepit</strong></span> 
     </span>
     <span class='ocr_line' id='line_1_32' title="bbox 279 2419 1644 2477; baseline -0.01 -12"><span class='ocrx_word' id='word_1_271' title='bbox 279 2427 329 2477; x_wconf 70' lang='lat' dir='ltr'><strong>V.</strong></span> <span class='ocrx_word' id='word_1_272' title='bbox 365 2428 418 2465; x_wconf 82' lang='lat' dir='ltr'><strong>O·</strong></span> <span class='ocrx_word' id='word_1_273' title='bbox 472 2425 539 2463; x_wconf 82' lang='lat'><strong>163</strong></span> <span class='ocrx_word' id='word_1_274' title='bbox 569 2426 803 2473; x_wconf 72' lang='lat' dir='ltr'><strong>Aeschylos</strong></span> <span class='ocrx_word' id='word_1_275' title='bbox 835 2425 906 2462; x_wconf 87' lang='lat' dir='ltr'><strong>Vr.</strong></span> <span class='ocrx_word' id='word_1_276' title='bbox 931 2425 976 2461; x_wconf 93' lang='lat' dir='ltr'><strong>C.</strong></span> <span class='ocrx_word' id='word_1_277' title='bbox 1002 2437 1022 2460; x_wconf 87' lang='lat' dir='ltr'>a</span> <span class='ocrx_word' id='word_1_278' title='bbox 1046 2427 1079 2460; x_wconf 88' lang='lat'><strong>1.</strong></span> <span class='ocrx_word' id='word_1_279' title='bbox 1103 2433 1159 2459; x_wconf 88' lang='lat' dir='ltr'><strong>m.</strong></span> <span class='ocrx_word' id='word_1_280' title='bbox 1180 2422 1236 2457; x_wconf 86' lang='lat' dir='ltr'><strong>D.</strong></span> <span class='ocrx_word' id='word_1_281' title='bbox 1261 2421 1311 2457; x_wconf 90' lang='lat' dir='ltr'><strong>E.</strong></span> <span class='ocrx_word' id='word_1_282' title='bbox 1337 2420 1408 2455; x_wconf 90' lang='lat' dir='ltr'><strong>Ch.</strong></span> <span class='ocrx_word' id='word_1_283' title='bbox 1433 2419 1482 2454; x_wconf 90' lang='lat' dir='ltr'><strong>A.</strong></span> <span class='ocrx_word' id='word_1_284' title='bbox 1509 2430 1530 2454; x_wconf 84' lang='lat' dir='ltr'>a</span> <span class='ocrx_word' id='word_1_285' title='bbox 1555 2422 1593 2458; x_wconf 80' lang='lat'><strong>1..</strong></span> <span class='ocrx_word' id='word_1_286' title='bbox 1640 2447 1644 2451; x_wconf 92' lang='lat'>.</span> 
     </span>
     <span class='ocr_line' id='line_1_33' title="bbox 280 2477 1590 2532; baseline -0.008 -8"><span class='ocrx_word' id='word_1_287' title='bbox 280 2498 359 2532; x_wconf 80' lang='lat' dir='ltr'><strong>m.;</strong></span> <span class='ocrx_word' id='word_1_288' title='bbox 385 2487 433 2529; x_wconf 64' lang='lat' dir='ltr'><strong>ita</strong></span> <span class='ocrx_word' id='word_1_289' title='bbox 457 2485 558 2524; x_wconf 76' lang='lat' dir='ltr'><strong>dedit</strong></span> <span class='ocrx_word' id='word_1_290' title='bbox 581 2497 602 2521; x_wconf 87' lang='lat' dir='ltr'><strong>e</strong></span> <span class='ocrx_word' id='word_1_291' title='bbox 627 2496 723 2522; x_wconf 88' lang='lat' dir='ltr'><strong>mss.</strong></span> <span class='ocrx_word' id='word_1_292' title='bbox 748 2486 827 2521; x_wconf 86' lang='lat' dir='ltr'><strong>suis</strong></span> <span class='ocrx_word' id='word_1_293' title='bbox 852 2485 1007 2529; x_wconf 65' lang='lat' dir='ltr'><strong>Bentl„</strong></span> <span class='ocrx_word' id='word_1_294' title='bbox 1027 2482 1114 2520; x_wconf 87' lang='lat' dir='ltr'><strong>inde</strong></span> <span class='ocrx_word' id='word_1_295' title='bbox 1139 2490 1358 2526; x_wconf 81' lang='lat' dir='ltr'><strong>anonymus</strong></span> <span class='ocrx_word' id='word_1_296' title='bbox 1377 2480 1473 2516; x_wconf 82' lang='lat'><strong>1713.</strong></span> <span class='ocrx_word' id='word_1_297' title='bbox 1489 2477 1590 2518; x_wconf 67' lang='lat' dir='ltr'><strong>Can.</strong></span> 
     </span>
    </p>
   </div>
   <div class='ocr_carea' id='block_1_9' title="bbox 371 2552 1594 2612">
    <p class='ocr_par' dir='ltr' id='par_1_11' title="bbox 371 2552 1594 2612">
     <span class='ocr_line' id='line_1_34' title="bbox 371 2552 1594 2612; baseline -0.008 -12"><span class='ocrx_word' id='word_1_298' title='bbox 371 2557 437 2601; x_wconf 70' lang='lat'><strong>164</strong></span> <span class='ocrx_word' id='word_1_299' title='bbox 456 2562 474 2587; x_wconf 81' lang='grc'>*</span> <span class='ocrx_word' id='word_1_300' title='bbox 501 2571 654 2612; x_wconf 79' lang='lat' dir='ltr'><strong>quoque</strong></span> <span class='ocrx_word' id='word_1_301' title='bbox 682 2561 723 2599; x_wconf 79' lang='grc' dir='ltr'><strong>,ςί</strong></span> <span class='ocrx_word' id='word_1_302' title='bbox 745 2560 865 2609; x_wconf 69' lang='lat' dir='ltr'><strong>diyne</strong></span> <span class='ocrx_word' id='word_1_303' title='bbox 888 2570 978 2596; x_wconf 84' lang='lat' dir='ltr'><strong>rem</strong></span> <span class='ocrx_word' id='word_1_304' title='bbox 999 2558 1046 2594; x_wconf 81' lang='lat' dir='ltr'><strong>V.</strong></span> <span class='ocrx_word' id='word_1_305' title='bbox 1069 2556 1124 2594; x_wconf 90' lang='grc' dir='ltr'><strong>Ο.</strong></span> <span class='ocrx_word' id='word_1_306' title='bbox 1145 2555 1278 2612; x_wconf 80' lang='lat' dir='ltr'><strong>possit</strong></span> <span class='ocrx_word' id='word_1_307' title='bbox 1305 2564 1379 2594; x_wconf 78' lang='lat' dir='ltr'><strong>ms,</strong></span> <span class='ocrx_word' id='word_1_308' title='bbox 1406 2558 1436 2591; x_wconf 78' lang='lat'><strong>1.</strong></span> <span class='ocrx_word' id='word_1_309' title='bbox 1462 2552 1594 2590; x_wconf 76' lang='lat' dir='ltr'><strong>Palm.</strong></span> 
     </span>
    </p>
   </div>
  </div>
 </body>
</html>
