1708 2938
613 181 798 242 ernssn
829 177 882 220 [Ι.
947 176 988 219 1.
1036 184 1039 185 ’
1343 188 1348 193 ’
1389 172 1471 217 31⁵

150 315 221 357 Ire
247 321 378 371 poeta
394 339 410 363 ‚
435 323 581 352 meum
611 306 691 364 qui
723 314 876 364 pectus
903 302 1096 345 inaniter
1119 300 1264 372 angit,

156 387 556 441 Irritatsmulcet,
586 385 709 428 falsis
738 381 980 427 terroribus
1009 380 1199 439 implet,
1247 440 1251 444 η

153 470 214 512 Ut
230 482 395 523 magus,
419 476 464 508 et
486 463 617 507 modo
638 476 710 506 me
737 462 923 513 Thebis,
967 459 1098 503 modo
1123 458 1249 516 ponit
1271 456 1475 511 Athenis.

153 551 320 592 verum
339 562 444 604 age,
469 557 516 590 et
541 546 639 598 his,
667 545 747 602 qui
765 558 811 586 se
839 543 996 586 lectori
1026 538 1211 583 credere
1235 537 1432 587 malunt,

156 633 298 695 Quam
325 629 581 688 spectatoris
609 624 788 669 fastidia
817 626 937 676 ferre
965 619 1174 679 superbi,
1390 616 1473 659 215
1515 644 1519 649 ι

86 692 90 698 ¹
157 713 315 754 Curam
341 707 481 752 redde
513 706 724 756 brevem;
753 704 792 747 si
816 717 972 745 munus
1000 698 1212 756 Apolline
1240 695 1422 751 dignum

159 788 244 831 Vis‘
265 763 484 845 complere
511 784 668 836 libris,
702 793 747 826 et
772 781 943 824 vatibus
973 778 1138 821 addere
1165 775 1338 825 calcar-3

159 871 220 912 Ut
245 867 388 912 studio
414 869 580 910 maiore
606 875 761 923 petant
788 864 1005 906 Helicona
1031 861 1265 904 virentem.

158 949 306 993 Multa
331 948 512 1008 quidem
539 947 666 991 nobis
696 946 878 989 facimus
905 947 1017 986 mala
1045 957 1176 998 saepe
1204 949 1388 998 poetae,

159 1030 220 1071 Ut
243 1029 389 1078 vineta
417 1038 588 1084 egomet.
614 1026 794 1069 caedam
818 1038 936 1068 mea:
964 1038 1098 1081 quum
1110 1021 1197 1074 tibi
1208 1019 1372 1062 librum
1397 1019 1482 1063 220

162 1105 363 1148 Sollicito
394 1104 572 1158 damus,
598 1115 672 1147 aut
699 1106 842 1148 fesso:
870 1118 1005 1161 quum
1032 1100 1281 1152 laedimur,
1308 1112 1444 1141 unum

161 1183 210 1224 Si
237 1183 335 1240 quis
364 1184 602 1226 amicorum
628 1193 696 1226 est
722 1198 850 1226 ausus
877 1180 1154 1238 reprendere
1180 1192 1375 1221 versum:

160 1263 302 1326 Quum
330 1261 453 1315 loca,
478 1262 565 1305 iam
591 1261 801 1314 recitata,
828 1259 1092 1303 revolvimus
1113 1256 1374 1311 irrevocat13

158 1387 204 1425 V.
237 1386 288 1423 T.
334 1390 520 1425 *212-213
553 1390 723 1438 implet;
754 1390 836 1434 Et,
870 1401 1020 1440 maqus
1049 1394 1116 1435 ut,
1155 1389 1288 1426 modo.
1314 1387 1372 1424 Ita
1396 1387 1487 1433 legit

157 1444 343 1493 Wakefi,
378 1446 429 1484 et=
446 1459 490 1485 se
525 1450 756 1498 probavisse
778 1452 958 1497 ‘affirmat
987 1452 1023 1486 in
1065 1451 1157 1487 Silv.
1183 1450 1268 1486 crit.
1292 1445 1361 1485 IV.
1388 1460 1426 1495 p.
1450 1450 1486 1484 3.

160 1506 272 1543 Nihil
295 1509 495 1554 audacius,
519 1515 558 1544 et
580 1510 788 1546 indoctius.
810 1511 930 1547 Falsi
945 1515 1130 1546 terrores
1155 1513 1274 1558 maqi
1297 1510 1365 1545 hic
1396 1515 1488 1558 sunt

162 1571 347 1604 terrores
366 1570 524 1617 maqici
546 1570 584 1605 in
606 1570 769 1616 epistola
791 1580 877 1616 seq.
902 1571 983 1604 208.
1007 1568 1155 1614 hia'gus
1178 1577 1237 1604 est
1259 1569 1296 1605 in
1320 1579 1488 1615 compa-

163 1625 313 1661 ratione
339 1635 478 1673 poetae
503 1638 575 1675 pro
600 1629 817 1666 terroribus
833 1657 845 1674 ,
870 1636 907 1664 et
931 1629 1260 1666 translationibus.
1297 1629 1396 1664 214*
1418 1627 1490 1675 qui

164 1698 230 1723 me
242 1687 386 1725 lectori
401 1688 474 1734 Vp.
489 1691 536 1725 A.
563 1687 653 1724 214*
665 1689 892 1735 malinth.
905 1690 946 1725 F.
969 1689 1036 1724 216
1048 1690 1064 1708 ⁴
1088 1690 1241 1725 Curam
1259 1688 1378 1724 crede
1397 1687 1490 1723 bre—

169 1758 260 1784 vem
273 1748 402 1784 Ch.E.
419 1749 571 1784 Curam
581 1749 767 1795 impende
782 1759 836 1784 ex
848 1749 1146 1794 ms.Bentleius,
1158 1755 1359 1795 tamquam
1372 1748 1488 1783 Deus

151 1810 221 1843 'ex
240 1808 420 1844 machina
442 1809 493 1845 illi
515 1816 553 1845 et
583 1810 675 1845 loco
701 1810 891 1846 laboranti
919 1810 1159 1853 subvenerit.
1180 1810 1254 1845 Sed
1272 1821 1352 1845 non
1369 1809 1488 1853 vidit,

164 1867 291 1906 redde
301 1869 460 1905 omnino
471 1880 631 1905 sensum
645 1870 820 1915 exigere.
841 1871 980 1916 Agitur
991 1871 1093 1907 enim
1104 1870 1150 1906 de
1164 1871 1252 1916 illis,
1267 1870 1332 1918 qui
1346 1870 1491 1917 scripta

166 1938 238 1965 sua
250 1929 718 1966 BibliothecaePalatinae
733 1930 949 1967 offerebant
960 1932 1020 1967 vel
1034 1933 1236 1976 Augustus
1252 1931 1428 1978 optabat,
1449 1935 1492 1966 ut

170 1989 371 2033 offerrent;
397 1990 539 2037 quibus
559 1991 642 2037 ipse
666 1990 862 2026 reddebat
883 2003 1029 2040 cur-am
1054 1990 1229 2036 brevem,
1252 1989 1494 2027 retribuebat

170 2049 350 2086 favorem
366 2077 380 2096 ,
418 2051 577 2095 gratiam
593 2078 607 2096 ,
631 2052 772 2087 eadem
798 2052 880 2097 ipsa
903 2054 1046 2098 scripta
1071 2053 1261 2098 legendo,
1286 2053 1492 2099 laudibus,

170 2111 352 2157 praemiis
368 2141 380 2159 ‚
402 2111 602 2155 ornando,
629 2111 866 2147 cumulando
882 2138 895 2157 ,
929 2112 960 2147 si
986 2113 1098 2157 digna
1123 2113 1364 2149 videbantur.
1402 2112 1492 2149 Eo-

107 2203 115 2205 s
176 2169 268 2206 dem
291 2171 373 2206 fere
398 2181 517 2207 sensu
542 2171 623 2209 Cic.
649 2173 696 2207 de
723 2173 815 2208 Fato
839 2162 953 2224 c.-2.':
980 2172 1257 2210 Subtilitatem
1291 2172 1342 2210 ab
1372 2176 1494 2210 Aca-

170 2229 308 2267 demin
328 2235 540 2267 mutuatur
550 2247 571 2276 ,·
596 2237 634 2268 et
657 2233 693 2268 ei
715 2233 898 2270 vicissim
929 2233 1064 2269 reddit
1086 2232 1310 2270 ubertatem
1332 2235 1492 2271 oratio-

171 2290 264 2335 ηὶς,
298 2295 336 2326 et
373 2292 621 2339 ornamenta
650 2293 825 2330 dicendi.
873 2293 1076 2330 censorin.
1102 2293 1150 2329 de
1174 2293 1253 2330 Die
1275 2303 1350 2332 nat.
1374 2307 1408 2331 c.
1432 2295 1489 2330 1.:

174 2350 247 2387 Ita
278 2362 374 2400 eqo,
409 2363 436 2387 a
471 2355 549 2400 q‘uo
583 2353 712 2397 plura
736 2354 886 2390 litteris
905 2355 1092 2400 percepi,
1118 2354 1191 2391 tibi
1211 2355 1315 2391 lzaec
1338 2356 1492 2403 exigua

173 2410 301 2447 reddo
334 2410 543 2448 libamina.
598 2413 691 2449 Nec
725 2414 813 2450 ideo
846 2416 976 2451 minus
1000 2415 1136 2450 Latine
1161 2416 1298 2451 dicitur
1319 2415 1493 2451 reddere

178 2480 358 2516 curam,·
375 2483 493 2518 quam
516 2479 740 2519 praestare
765 2485 913 2510 curam
935 2476 1034 2520 apud
1063 2476 1249 2523 Quinctil.
1274 2476 1355 2511 Inst
1392 2482 1488 2512 orat.

177 2527 229 2566 Π.
251 2530 286 2567 3.
310 2531 476 2569 Bentleii
500 2535 712 2570 novitatem
737 2535 862 2570 statim
888 2538 1133 2581 arripuerunt
1156 2543 1368 2572 novatores
1406 2524 1491 2580 alii,

181 2595 398 2636 anonymus
423 2594 520 2631 ¹7¹8.
549 2594 649 2631 eun.
676 2595 811 2631 Sanad.
836 2596 1014 2635 Mer-vill.
1037 2590 1141 2635 Phil.
1173 2597 1348 2642 Sandby,
1383 2596 1489 2632 Dor.

180 2648 340 2688 Wakef.
362 2651 492 2690 Wetz.
540 2658 605 2693 119
629 2654 644 2671 “
659 2656 851 2702 facimus
873 2655 989 2693 nobis
1014 2656 1058 2693 V.
1081 2657 1131 2694 T.
1180 2659 1271 2692 221·
1294 2661 1379 2692 tum
1405 2656 1493 2692 lae-
