1708 2938
301 179 355 222 96
769 182 1124 223 Sarranum

302 296 467 351 Nugari
486 306 584 338 eum
609 296 714 357 illo,
741 307 786 340 et
809 298 1012 340 discincti
1037 297 1218 351 ludere,
1247 299 1385 355 donec

300 374 632 432 Decoqueretur
652 364 909 428 olum-soliti.
932 376 1158 438 Quidquid
1174 393 1266 420 sum
1280 393 1374 434 ego,
1400 379 1594 437 quamvis

303 452 426 493 lnfra
450 453 598 495 Lucili
618 468 816 505 censum,
846 455 1182 512 ingeniumque3
1211 465 1355 498 tamen
1378 465 1462 500 me·
1541 459 1595 503 75

304 529 411 570 Cum
427 530 589 585 magnis
612 530 767 571 vixisse
789 531 926 572 invita
958 531 1166 573 fatebitur
1191 547 1328 588 usque

301 600 495 659 Invidia3
526 618 571 649 et
591 609 742 664 fragili
763 623 975 665 quaerens
1002 609 1180 652 illidere
1209 608 1410 661 dentem,

302 685 502 727 Offendet.
523 685 687 728 solido:
716 687 801 727 nisi
822 685 929 743 quid
953 698 1000 729 tu
1015 715 1029 738 ‚
1062 686 1188 730 docte
1201 690 1241 735 -T
1242 686 1408 740 rebati,

300 762 534 804 Dissentis.
590 762 802 818 Equidem
824 764 939 805 nihil
957 764 1058 807 hinc
1077 763 1312 807 diffindere
1331 781 1553 822 possumff

386 874 429 911 Π
454 872 472 891 ’
491 872 648 922 fraqili
669 874 835 921 cupiens
853 873 900 910 V.
920 874 966 911 K.
991 886 1012 910 a
1035 878 1068 912 1.
1095 885 1148 910 m.
1174 885 1226 910 ex
1249 875 1494 920 glossemate.

387 939 430 975 77
459 939 479 962 '⁸‘
503 938 618 973 deme
645 938 690 974 V.
714 940 764 975 A.

387 1005 430 1042 78
455 1006 472 1024 ⁴
497 1003 683 1051 offendat
705 1006 750 1043 V.
778 1006 821 1042 B.
866 1007 907 1046 78
931 1007 975 1043 ni
1001 1007 1098 1055 quid
1121 1007 1284 1051 Cuniug.
1309 1017 1361 1042 ex
1385 1007 1550 1052 ingenio.

388 1069 432 1108 79
454 1068 693 1115 diffindere.
739 1070 919 1115 Longum
945 1071 1078 1114 nimis,
1113 1078 1151 1117 et
1184 1073 1312 1108 inutile
1344 1080 1473 1121 esset,
1506 1082 1602 1108 mss.

304 1129 461 1165 codices
486 1141 645 1174 omues,
671 1138 708 1166 et
732 1132 915 1166 editiones
940 1136 1174 1175 munerare,
1214 1133 1249 1167 in
1280 1133 1597 1179 quibuswarian·

301 1196 360 1224 tes
384 1190 571 1226 lectiones
595 1190 787 1225 habentur
810 1191 923 1226 huius
947 1191 1067 1226 verbi.
1126 1192 1254 1226 Verba
1289 1193 1450 1228 recitare
1476 1193 1600 1228 *suffl-

301 1242 396 1286 ciat':
421 1249 696 1296 Πξθὶιηᾱενε,
721 1250 931 1295 diffidere,
956 1252 1177 1299 dqfinqwoe,
1203 1251 1424 1296 defindere,
1447 1253 1598 1299 dzsffln-

301 1321 399 1358 qere
414 1336 425 1354 ,
449 1310 666 1358 diſjiqere,
692 1310 941 1360 defrinyere-
986 1311 1226 1347 Nostrorum
1252 1322 1365 1356 mss„
1389 1320 1426 1348 et
1450 1314 1597 1359 prisca—

303 1381 392 1405 rum
425 1371 634 1406 editionum
666 1383 752 1417 pars
784 1373 909 1407 maior
939 1372 1001 1406 dat
1034 1371 1289 1418 diffingere,-
1340 1373 1396 1407 alii
1432 1383 1600 1408 numero

302 1430 508 1477 pauciores
529 1430 736 1476 dzjsfidette.
783 1431 1026 1480 Diffinssere
1051 1432 1174 1476 longis
1194 1432 1402 1468 rationibus
1425 1433 1605 1469 defende-

305 1501 349 1526 re
369 1490 498 1525 nititur
519 1490 718 1527 Bentleius
733 1517 745 1535 ,
769 1503 887 1537 quem
906 1501 1124 1538 sequuntur
1145 1492 1243 1528 Cun.
1267 1493 1353 1527 San.
1368 1492 1471 1529 Phil.
1496 1488 1601 1530 Batt.

305 1549 461 1586 Wakef.
482 1551 668 1596 [Bodon.]
703 1551 890 1587 Praefero
922 1563 994 1596 ego
1017 1551 1254 1597 dzffindere.
1304 1552 1387 1588 Iam
1426 1552 1601 1589 Politian.

303 1609 481 1648 Miscell.
504 1622 540 1648 c.
560 1610 615 1648 42.
632 1612 877 1655 ostenderat,
902 1612 981 1647 hoo
999 1612 1163 1646 verbum
1191 1611 1390 1646 iuridicum
1413 1622 1501 1646 esse
1529 1622 1602 1659 pro

304 1670 504 1718 defferre,
537 1671 777 1717 transferre
809 1671 920 1707 litem
950 1672 986 1706 in
1018 1672 1134 1707 alium
1171 1671 1298 1708 diem:
1351 1676 1392 1705 ut
1418 1669 1603 1705 Horatius

309 1731 491 1766 translate
522 1731 624 1766 ludat
647 1732 755 1766 etiam
781 1731 818 1765 in
841 1730 920 1765 hoc
943 1731 1069 1765 verbo
1091 1743 1179 1766 cum
1200 1730 1492 1766 Iurisconsuuo.
1516 1730 1606 1765 Vni.

306 1801 357 1835 go
387 1789 586 1826 indubium
617 1796 701 1835 est,
736 1790 959 1836 diffindere
986 1790 1087 1825 idem
1109 1789 1349 1834 significare,
1373 1801 1418 1824 ao
1442 1789 1604 1834 findere,

309 1844 479 1886 dividere
499 1851 536 1885 in
554 1850 671 1895 duas,
696 1851 756 1885 vel
781 1851 912 1897 plures
934 1858 1077 1896 partes,
1102 1857 1141 1884 ut
1162 1848 1234 1886 ΙΙΙ.
1256 1850 1320 1884 od.
1340 1848 1395 1885 16.
1417 1851 1487 1893 13„
1503 1849 1604 1895 apud

310 1910 392 1946 Cic.
416 1911 463 1945 de
488 1910 599 1946 Univ.
620 1923 658 1947 c.
680 1913 716 1949 7.
737 1911 819 1946 Cat.
845 1911 892 1945 de
909 1909 967 1944 Re
987 1916 1081 1945 rust.
1106 1919 1142 1944 c.
1159 1905 1215 1944 41.
1233 1909 1345 1944 Varr.
1365 1908 1412 1942 de
1433 1907 1494 1944 Re
1507 1914 1602 1944 rust.

308 1971 332 2006 1.
358 1974 392 2006 1.
418 1983 452 2007 c.
476 1970 532 2007 [ιο.
567 1971 722 2007 Colum.
755 1972 778 2007 ι.
802 1962 836 2006 2.
861 1982 893 2005 c.
919 1968 951 2006 4.
978 1970 1084 2014 virg.
1121 1969 1187 2005 lx.
1222 1969 1278 2004 AE.
1305 1971 1382 2004 118.
1408 1967 1604 2015 [?]-Apu1.

307 2032 377 2068 IX.
402 2032 502 2067 Met.
527 2042 611 2079 pag.
636 2034 714 2070 189.
739 2031 800 2065 ed.
825 2030 952 2065 Pric.:
999 2030 1099 2074 His,
1126 2035 1162 2073 et
1183 2029 1412 2065 huiusmodi
1426 2029 1606 2066 suadelis

308 2091 489 2127 validum
508 2091 660 2127 addens
685 2102 852 2126 cuneum
868 2117 879 2134 ,
904 2090 972 2136 qui
991 2090 1190 2138 riyentem
1203 2099 1379 2135 prorsus
1406 2089 1516 2125 servi
1544 2093 1606 2124 te·-

307 2151 531 2187 nacitatem
548 2151 742 2186 violenter
762 2150 1015 2196 diffinder‘et.
1059 2149 1167 2184 Idem
1183 2175 1193 2192 ‚
1219 2160 1264 2184 ac
1298 2156 1445 2195 partem
1472 2160 1492 2184 a
1521 2155 1604 2183 toto

310 2210 494 2245 divellere
506 2223 519 2255 ς
539 2213 585 2245 ‘ut
602 2210 633 2246 I.
657 2217 728 2246 sat.
753 2215 784 2246 2.
805 2212 879 2246 113.
902 2211 1025 2245 inane
1044 2208 1249 2245 abscidere
1267 2208 1394 2245 soldo.
1439 2208 1491 2243 Et
1509 2202 1606 2255 poe·

311 2277 376 2310 tae,
393 2280 529 2306 sensus
553 2277 625 2314 est,
638 2278 677 2305 ut
693 2278 894 2316 exponunt
913 2273 1064 2313 Acron,
1087 2277 1124 2303 et
1141 2269 1382 2315 Porphyrioz
1403 2269 1514 2304 Adeo
1535 2280 1606 2303 ae·

313 2341 412 2376 qua,
434 2337 471 2365 et
489 2341 580 2365 vera
605 2337 693 2366 sunt
710 2342 808 2376 quae
827 2332 920 2367 dicis
937 2358 948 2375 ,
972 2337 1012 2366 ut
1031 2342 1074 2365 ea
1094 2330 1288 2365 infirmare
1304 2355 1316 2372 ,
1341 2335 1378 2363 et
1408 2328 1603 2364 contradi-

309 2401 400 2426 cere
432 2401 648 2436 nequean1;
682 2402 731 2425 ne
756 2388 933 2426 'verbum
971 2390 1128 2437 quidem
1166 2389 1347 2433 rejicere,
1381 2387 1550 2423 avellere
1582 2398 1604 2423 a

311 2458 420 2494 toto,
443 2462 491 2485 ne
511 2450 632 2486 hilum
664 2451 820 2496 quidem
858 2452 1070 2487 dissentire.
1116 2449 1168 2485 Et
1197 2447 1334 2494 verbo*
1357 2448 1450 2483 ludit
1477 2458 1603 2494 aeque
1655 2450 1662 2463 “

313 2511 498 2555 ἰυι·ὶι1ἰοο,
528 2511 633 2557 quod
664 2511 700 2545 in
729 2512 829 2546 diem
859 2513 974 2547 alium
1005 2521 1163 2546 caussae
1195 2509 1452 2544 definitionem
1474 2515 1603 2542 trans-

314 2572 439 2615 ferre,
464 2579 502 2606 et
522 2572 644 2606 Ferme
668 2571 703 2606 in
726 2571 825 2606 duos
845 2572 925 2607 dies
947 2571 1134 2615 dividere,
1159 2569 1363 2615 significat:
1389 2579 1530 2614 nempe
1561 2571 1603 2602 ut

315 2631 436 2675 dicat,
461 2631 507 2668 lis
523 2632 646 2668 statim
666 2631 794 2667 decisa
816 2639 896 2678 est,
921 2639 962 2668 ut
981 2631 1190 2678 reproponi
1212 2641 1292 2666 non
1313 2628 1462 2665 debeat.
1495 2627 1603 2673 Dif-
1662 2656 1664 2658 v
