1708 2938
646 186 827 226 Lmen
853 184 912 226 11.
965 183 1007 227 3.
1157 176 1193 227 Ι
1421 179 1504 228 113

191 308 277 351 Dic
302 306 472 365 aliquid
499 306 676 364 dignum
698 307 952 364 promissis:
981 306 1141 364 incipe.
1197 303 1277 346 Nil
1297 303 1390 347 est!

193 378 437 442 culpantur
459 386 617 427 frustra
635 383 818 434 calami,
845 382 1178 439 immeritusque
1202 378 1373 424 laborat

187 463 317 505 Ira'tis
341 472 468 504 natus
493 446 637 519 paries
659 461 768 512 Dis,
796 471 928 518 atque
942 462 1100 518 poetis.

187 541 326 596 Atqui
349 538 496 581 vultus
521 547 616 580 erat
635 537 799 590 multa,
826 547 871 580 et
894 537 1123 595 praeclara
1142 537 1371 590 minantis,

189 616 236 657 Si
252 631 434 658 vacuum
459 613 610 672 tepido
631 615 823 671 cepisset
840 613 1001 656 villula
1021 623 1153 656 tecto.
1449 612 1502 658 10

188 695 406 754 Quorsum
432 693 645 750 pertinuit
662 692 826 749 stipare
852 692 1039 735 Platona
1060 690 1307 734 Menandro
1320 719 1337 744 ‚

187 770 379 826 Eupolin
400 769 669 812 Archilocho
682 799 697 822 ,
727 770 908 813 comites
938 769 1156 812 adducere
1175 779 1316 813 tantos
1329 769 1351 809 ἓ

186 848 401 890 Invidiam
421 848 595 905 placare
617 862 740 905 paras
766 848 927 890 virtute
946 845 1137 890 relicta?

190 924 502 985 Contemnere,
531 924 687 966 miser:
719 922 895 965 vitanda
915 934 981 966 est
1003 922 1206 981 improba
1231 923 1383 975 Siren,

187 998 391 1051 Desidia3
418 1009 517 1052 aut,
545 998 762 1056 quidquid
782 999 871 1042 vita
888 999 1075 1042 meliore
1102 1001 1292 1057 parasti,
1447 998 1499 1043 15

188 1122 249 1158 Sic
267 1123 534 1169 interpungas:
558 1133 638 1158 non
662 1122 763 1157 enim
781 1122 873 1167 fugit
891 1122 1048 1159 sobrius
1065 1129 1152 1159 ante
1175 1121 1386 1158 Saturnalia
1396 1134 1411 1168 3
1429 1120 1502 1159 sed

185 1181 224 1217 in
250 1182 338 1218 villa
372 1183 488 1227 longe
514 1194 535 1217 a
566 1182 831 1218 Saturnaiibus
868 1182 1026 1218 sobrius
1058 1188 1141 1227 est,
1175 1182 1236 1218 ina
1263 1175 1500 1220 abhorrens.

185 1243 247 1278 Ad
268 1243 374 1278 hunc
392 1253 551 1278 sensum
572 1243 775 1277 referenda
794 1251 903 1278 crant
920 1243 980 1278 ina
1001 1244 1172 1278 Senecae
1188 1269 1199 1287 ,
1222 1242 1332 1289 epist.
1359 1244 1431 1286 18„
1450 1243 1500 1278 de

186 1302 277 1348 ipsis
297 1301 560 1337 Saturnalibus
581 1302 802 1349 loquentis:
830 1303 923 1339 Hoc
938 1304 1067 1339 multo
1073 1301 1240 1347 fortius
1267 1307 1350 1348 est,
1375 1301 1501 1349 ebrio,

185 1372 237 1397 ac
266 1362 487 1398 vomitante
510 1362 687 1410 populo,
720 1363 895 1408 siccum,
931 1375 981 1399 ac
1008 1362 1189 1400 sobrium
1220 1374 1318 1399 esse.
1338 1361 1340 1363 ’
1364 1362 1502 1400 Iuven.

184 1421 274 1458 Vn.
297 1423 375 1462 96.:
405 1423 520 1459 Tunc
547 1435 635 1470 par
665 1425 830 1472 inqenio
857 1413 1060 1471 pretium',
1101 1427 1198 1459 tunc
1232 1423 1332 1459 utile
1359 1423 1502 1460 multis

183 1482 376 1528 Pallet-e,
408 1489 447 1518 et
473 1486 612 1520 vinum
647 1491 731 1522 toto
760 1485 920 1519 nescire
951 1480 1166 1518 decembri.
1227 1481 1356 1524 Bentl.
1392 1485 1503 1520 aiiter

184 1543 353 1589 probare
378 1545 509 1578 nititur
529 1543 691 1591 fuqisti
714 1542 884 1579 sobrius.
929 1543 1010 1578 Pro
1046 1555 1171 1592 erqo,
1196 1543 1241 1580 V.
1270 1546 1319 1579 A.
1344 1556 1364 1580 a
1387 1546 1422 1580 2.
1445 1555 1501 1582 m.

183 1602 304 1637 habet
328 1608 443 1645 est0;
470 1604 575 1649 quod
599 1613 650 1638 ex
678 1604 753 1638 alio
788 1615 861 1644 ms.
889 1603 1049 1650 Cruquii
1074 1604 1202 1639 laudat
1223 1604 1325 1641 idem
1354 1604 1501 1650 Bentt„

184 1671 222 1699 et
247 1663 402 1700 inclinat
423 1665 636 1710 praeferre.

271 1742 291 1778 7
319 1742 339 1762 *
362 1738 547 1776 Frustra
566 1738 785 1785 culpantur
807 1738 854 1774 V.
886 1739 940 1774 D.
971 1722 1198 1787 Cu'spantur
1220 1739 1376 1775 calami
1392 1738 1501 1786 fru-

184 1807 277 1838 stra
301 1801 374 1836 Ch.
397 1800 444 1835 B.
491 1803 514 1839 9
536 1799 667 1835 multa
684 1810 735 1834 ac
756 1800 989 1845 praeclara
1011 1802 1109 1836 Cun·
1129 1811 1181 1836 ex
1202 1802 1377 1846 ingenio:
1403 1810 1500 1837 vere

183 1862 341 1898 auribus
363 1860 493 1896 suavis
517 1867 572 1896 tot
596 1872 623 1895 a
642 1871 670 1895 a
693 1871 719 1895 a
740 1871 766 1894 a
791 1870 817 1893 α
835 1870 863 1894 a
885 1871 912 1894 a
933 1872 1163 1897 concursus.
1212 1861 1323 1897 Unus
1346 1861 1500 1909 ample-

182 1932 261 1958 xus
281 1929 338 1958 est
361 1921 466 1966 San„
489 1922 707 1957 novitatum
724 1927 890 1955 venator
910 1931 1016 1955 acer.
1063 1924 1105 1955 10
1127 1921 1260 1968 tepido
1285 1920 1388 1957 lecto
1398 1931 1499 1956 cou-

181 1983 258 2019 iicit
281 1983 318 2017 in
342 1971 432 2016 nota
454 1982 600 2026 Bentl„
626 1982 727 2016 lecto
745 1982 891 2016 scilicet
914 1981 1201 2017 lucubratorio.
1253 1983 1368 2017 Anne
1393 1981 1498 2018 lecto

180 2036 406 2078 huiusmodi
438 2049 647 2077 contentus
677 2051 763 2076 esse
795 2048 947 2087 poterat
976 2043 1013 2076 in
1049 2041 1138 2075 villa
1167 2040 1381 2093 Horatius,
1413 2040 1497 2087 qui,

180 2102 386 2148 impatiens
409 2102 589 2146 frigoris,
614 2101 660 2136 ad
680 2112 788 2136 mare
814 2101 1102 2145 descendebat,
1130 2108 1169 2136 ut
1199 2101 1280 2147 ipse
1304 2100 1443 2135 fatetur
1464 2100 1496 2138 1.

183 2163 290 2209 epist.
326 2163 362 2200 7.
396 2166 452 2199 10.
483 2163 597 2208 seq-:³
664 2164 708 2197 12
739 2160 995 2198 Archilocho
1025 2161 1074 2196 V.
1098 2160 1146 2196 E.
1173 2160 1238 2196 Vr.
1263 2160 1311 2196 B.
1340 2172 1362 2196 a
1386 2165 1417 2197 1.
1441 2171 1496 2197 m.

184 2221 257 2268 Vp·
280 2221 323 2257 F.
368 2221 423 2256 Ita
454 2221 543 2266 legit
571 2217 772 2257 Bentseius
801 2231 852 2256 ex
877 2231 954 2259 uno
989 2230 1063 2256 ms.
1100 2220 1310 2266 Reginensi
1340 2231 1362 2255 a
1380 2215 1416 2254 '‘2-
1441 2230 1496 2257 m.

183 2282 305 2319 Nune
336 2283 454 2317 tutius
483 2281 630 2318 admitti
664 2288 792 2329 potest
834 2279 1045 2323 elegantior
1084 2279 1210 2316 lectio.
1270 2278 1495 2317 Bentleium

183 2342 359 2389 sequitur
379 2341 538 2377 VVakcf.
587 2343 629 2375 12
656 2341 821 2376 comites
840 2339 1040 2374 adducere
1062 2339 1133 2375 Vr.
1157 2339 1207 2375 H.
1231 2340 1419 2376 Praefero
1439 2341 1492 2377 ie.

182 2404 354 2438 ctionem
388 2401 676 2442 venustiorem,
721 2408 758 2436 et
799 2401 1043 2447 propriorem
1082 2402 1306 2446 contextui5
1348 2412 1493 2448 nempe

183 2460 261 2497 huc
277 2489 289 2506 ‚
324 2468 364 2496 ut
387 2472 427 2497 v.
450 2463 484 2497 5.
514 2461 526 2477 “
554 2465 592 2495 et
611 2461 757 2497 ducere
780 2462 825 2496 V.
850 2461 900 2496 N.
926 2460 1002 2506 Vp.
1027 2461 1074 2495 A.
1109 2460 1172 2496 Al.
1206 2459 1384 2496 educere.
1447 2462 1494 2496 12

185 2526 336 2558 tantos.
391 2521 622 2566 Rutgersius
663 2522 816 2566 argutiis
842 2522 1049 2558 emendare
1088 2527 1258 2565 amaret,
1288 2518 1415 2568 quid?
1436 2523 1491 2556 tu.

185 2579 358 2626 Laudat,
386 2582 456 2619 sed
479 2582 602 2620 reiicit
623 2581 751 2620 Bentl.
771 2584 807 2620 in
829 2590 934 2620 nota.
981 2586 1022 2619 13
1041 2593 1169 2630 pares
1190 2592 1264 2620 ms.
1283 2581 1384 2628 apud
1409 2581 1490 2618 Va-

291 2642 348 2682 11.
1099 2643 1125 2684 8
