1708 2938
627 181 813 221 Luta
837 179 905 220 ··11.
961 181 1000 221 2.
1397 178 1478 222 111

165 300 295 343 Nunc
317 314 420 356 ager
441 298 653 342 Umbreni
676 299 756 340 sub
771 297 978 348 nomine,
1007 310 1147 353 nuper
1173 295 1316 339 Ofelli

166 379 326 421 Dictus
349 380 469 427 eran
498 375 614 420 nulli
635 376 867 433 proprius:
893 373 971 417 sed
997 373 1117 417 cedit
1146 375 1193 416 in
1211 387 1336 418 usum

259 521 325 556 183
354 518 565 558 Umbreni„
607 517 740 554 Homo
763 518 1008 563 negotiator,
1030 519 1191 555 celeber
1223 519 1261 555 in
1297 519 1482 556 coniura—

168 580 279 616 tione'
299 579 531 615 Catilium-ia.
574 578 662 614 Vid.
691 579 845 615 Sallust.
871 579 954 614 Cat.
978 576 1033 616 41.
1090 582 1155 624 134
1178 579 1331 616 Dictus
1358 584 1481 622 erat,-

168 639 273 675 nulli
300 639 344 676 V.
369 639 422 675 D.
450 638 500 676 E.
525 639 557 675 1.
582 637 633 676 K.
661 639 726 675 Μ.
750 639 817 675 Vr.
843 639 889 676 Β.
916 652 935 675 a
962 645 992 675 1.
1016 651 1071 676 m.
1094 640 1168 688 Vp.
1193 642 1245 677 A.
1269 641 1313 676 C.
1338 639 1385 677 E.
1405 640 1482 677 Ch.

171 699 218 734 B.
243 711 265 735 a
290 703 319 735 1.
344 711 399 736 m.
422 701 498 736 An.
525 701 572 736 Α.
598 699 645 736 Β.
671 700 741 736 Va.
766 699 832 744 C.,
859 700 917 735 alii
942 711 1036 736 mss.
1069 700 1168 748 apud
1202 700 1357 745 Bentl.,
1391 700 1483 737 edit.

171 758 272 795 ven.
297 755 414 803 1481„
440 759 562 795 Aldus
589 762 684 795 1501.
713 759 820 794 lunia
846 763 947 797 1503.
980 760 1180 796 Bentleius
1210 761 1413 796 revocavit
1443 760 1484 796 in

171 825 352 864 texmm,
378 819 542 860 merito;
572 819 658 854 inde
678 819 794 855 Baxt.
823 817 950 855 Gesn.
975 819 1113 855 Oberl.
1142 819 1310 857 Combe.
1367 819 1484 859 Ordo

172 886 252 915 est:
279 881 419 924 Ager,
433 879 499 926 qui
525 890 629 915 nunc
651 879 769 924 vulgo
792 887 910 915 notus
931 888 988 914 est
1005 877 1076 915 sub
1094 880 1257 916 nomine
1277 879 1484 930 Umbreni,

171 939 305 987 paullo
332 947 419 976 ante
441 938 649 976 dicebatur
677 939 813 976 Ofelli.
859 937 941 975 Sub
962 939 1149 983 nomine,
1173 948 1212 973 et
1235 938 1367 975 dictus
1393 943 1486 979 erat

174 1006 346 1046 tantum3
371 1001 462 1047 quia
484 1012 563 1037 non
588 999 784 1048 proprius.
810 1000 875 1036 Al.
901 999 989 1035 erit.
1037 996 1099 1034 134
1128 1000 1142 1016 ’
1160 1000 1360 1046 proprius
1379 997 1486 1036 nulli

171 1059 219 1096 V.
245 1058 294 1096 K.

263 1123 326 1160 134
351 1125 454 1162 cedit
476 1126 546 1162 Vr.
573 1125 628 1170 F„
651 1125 747 1161 alius
772 1134 847 1162 ms,
866 1126 965 1173 apud
985 1126 1132 1170 Bentl„
1157 1124 1222 1172 qui
1241 1124 1336 1160 scite
1363 1123 1489 1160 admi-

171 1185 220 1220 sit
251 1185 288 1220 in
318 1192 494 1227 textum3
526 1194 745 1233 sequuntur
779 1187 976 1231 editores,
1009 1189 1075 1233 qui
1110 1196 1239 1233 supra.
1269 1179 1334 1221 Al.
1359 1184 1486 1221 cedet.

174 1245 229 1281 In
246 1257 386 1290 usum,
415 1247 504 1293 quia
526 1254 619 1283 tuno
643 1247 991 1283 Ofellus-colonus
1017 1257 1111 1283 vere
1132 1254 1237 1288 eran
1263 1253 1302 1282 et
1324 1246 1413 1293 quia
1430 1254 1488 1282 ex

174 1306 397 1342 Stoicorum
435 1308 616 1352 dogmate
643 1319 764 1344 nemo
803 1308 1009 1353 dominus3
1054 1307 1125 1343 sed
1161 1317 1303 1360 omnes
1338 1306 1488 1352 coloni,

170 1366 340 1410 usuarii,
373 1367 435 1402 vel
462 1368 757 1407 usufructuarii:
794 1368 882 1403 ideo
915 1379 1006 1412 ager
1035 1366 1246 1403 dicebatur
1279 1366 1489 1412 Umbreni,

171 1425 234 1460 vel
268 1425 409 1472 Ofelli3
444 1428 536 1473 quia
569 1428 724 1475 proprie
753 1435 893 1463 neuter
927 1428 1162 1467 credebatur
1203 1428 1409 1472 dominus;
1448 1433 1489 1463 et

175 1484 400 1521 Umbrenus
420 1497 548 1524 novus
562 1487 700 1524 incola
727 1496 811 1523 erat
835 1495 997 1529 tantum.
1052 1488 1253 1535 Epictetus
1282 1486 1488 1524 Enchirid.

170 1557 207 1581 o.
235 1548 289 1582 15.
313 1546 484 1593 Delphis
509 1548 636 1585 1721:
670 1550 912 1595 Numquam
943 1553 983 1584 te
1011 1549 1228 1596 quicquam
1255 1545 1488 1594 perdidisse

172 1605 297 1642 dicito
305 1620 327 1649 ,·
350 1605 427 1642 sed
436 1606 674 1644 reddidisse.
717 1608 892 1645 Filiolus
909 1607 1036 1644 obiit?
1057 1607 1259 1645 Redditus
1269 1610 1338 1642 est.
1358 1601 1491 1642 Prac-

173 1665 288 1700 dium
307 1669 367 1701 est
387 1669 602 1710 ereptum?
634 1669 792 1704 Annon
821 1668 869 1704 id
888 1677 1042 1716 quoque
1069 1672 1129 1703 est
1151 1666 1384 1703 redditum?
1427 1668 1491 1702 At

174 1722 383 1773 improbus
405 1729 489 1769 esc,
513 1726 582 1773 qui
611 1726 772 1771 eripuit.
822 1728 935 1776 Quid
947 1728 995 1764 id
1012 1732 1086 1763 tua
1103 1726 1254 1773 refert,
1272 1737 1351 1772 per
1371 1737 1490 1775 quem

170 1785 211 1821 is
225 1811 237 1830 ,
261 1785 331 1833 qui
347 1784 536 1830 dederat,
561 1784 633 1821 abs
655 1791 693 1821 te
710 1788 951 1829 repetierit?
991 1786 1076 1822 Sed
1102 1787 1296 1833 quamdiu
1320 1798 1490 1824 conces-

174 1847 302 1890 serit,
327 1851 541 1893 tamquam
560 1846 740 1881 alienum
755 1846 802 1882 id
819 1852 965 1884 curato
979 1875 992 1893 ,
1016 1852 1060 1883 ut
1082 1856 1313 1894 cauponam
1340 1848 1490 1884 viator-

172 1907 266 1944 Sen.
289 1907 401 1954 epist.
421 1908 500 1942 88.:
525 1905 662 1942 Doces
675 1918 739 1942 me
750 1934 763 1951 ‚
788 1907 986 1955 quomodo
1006 1907 1116 1944 nihil
1128 1907 1305 1954 perdam
1321 1907 1490 1952 exfini-

175 1966 250 2003 hus
262 1967 402 2003 meis?
444 1969 507 2002 At
528 1978 601 2015 eqo
634 1967 792 2004 discere
823 1966 937 2013 volo,
971 1967 1170 2017 quomodo
1200 1972 1307 2004 totos
1334 1966 1491 2005 hilaris

175 2027 383 2063 amittam.
409 2026 594 2063 Paterno
610 2037 739 2075 aqro,
763 2027 918 2074 inquit,
942 2031 980 2063 ec
1001 2027 1113 2064 avito
1132 2027 1328 2074 expellor.
1354 2027 1492 2076 Quid?

174 2091 272 2123 ante
299 2098 420 2122 avum
451 2091 563 2122 tuum
594 2087 684 2135 quis
704 2087 830 2123 istum
860 2098 1010 2136 aqrum
1033 2088 1192 2124 tenuit?
1231 2087 1375 2133 Cuius,
1405 2098 1491 2124 non

174 2146 268 2183 dico
296 2146 475 2183 hominis
490 2173 503 2191 ,
531 2147 605 2183 sed
627 2148 771 2195 populi
787 2146 953 2193 suerit,
979 2147 1172 2195 expedire
1194 2150 1345 2195 potes?
1387 2146 1489 2184 Non

175 2206 364 2243 dominus
388 2207 466 2243 isto
479 2234 492 2252 ,
522 2208 598 2243 sed
624 2207 790 2245 colonus
816 2208 998 2244 intrasti.
1056 2208 1177 2245 Cuius
1204 2208 1372 2245 colonus
1415 2210 1488 2244 es?

177 2267 227 2303 Si
254 2265 350 2302 bene
380 2271 512 2302 tecum
549 2268 713 2317 aqicur,
746 2260 922 2304 heredis.
975 2268 1147 2317 Neqant
1183 2268 1488 2314 Iurisconsulti,

175 2327 400 2376 quidquam
421 2329 596 2375 usucapi
607 2355 620 2373 ,
643 2327 753 2375 quod
769 2326 975 2374 publicum
1000 2333 1086 2364 est:
1104 2327 1311 2376 publicum
1326 2327 1488 2374 esthoc,

178 2386 288 2439 quod
315 2391 426 2423 tenes
435 2401 456 2430 ;
492 2392 530 2422 et
564 2388 724 2435 quidem
740 2388 907 2436 qeneris
935 2387 1122 2426 humani.
1166 2388 1359 2425 Eamdem
1390 2399 1486 2426 ‘sen-

176 2447 333 2483 tentiam
364 2448 557 2494 expressit
590 2447 785 2484 Lucienus
821 2448 859 2483 in
895 2449 1172 2494 epigrammate
1213 2448 1397 2494 Graeco,
1436 2449 1515 2485 ita·

178 2506 312 2543 Latine
340 2519 457 2544 verso
491 2520 511 2544 a
540 2508 726 2544 Marcilio
763 2509 809 2544 ad
833 2509 939 2544 hunc
970 2510 1124 2546 locum:
1157 2509 1306 2556 Nuper
1326 2509 1486 2559 aqellus

178 2566 530 2613 Achaemenidae,
545 2579 653 2604 nunc
670 2568 813 2605 deinde
830 2569 1052 2616 Menippi;
1077 2570 1200 2606 Hunc
1213 2580 1368 2619 quoque
1385 2581 1485 2607 mox

181 2625 344 2664 mutabo
357 2654 370 2673 ,
403 2633 524 2677 atque
553 2628 708 2675 alium,
743 2634 863 2677 atque
891 2629 1032 2668 alium.
1054 2629 1057 2631 ’
1087 2629 1167 2667 Ille
1189 2636 1309 2669 ratus
1339 2641 1485 2677 nuper,
