1708 2938
251 165 307 212 62
736 170 1072 212 SATrnAnun

249 289 375 354 Quod
398 291 546 349 placui
567 280 680 343 tihi.
709 292 786 349 qui
813 292 940 349 turpi·
957 291 1145 334 secernis
1171 289 1398 333 honestum

246 370 348 410 Non
369 377 497 425 patre
522 368 776 425 praeclaro,
803 368 879 415 sed
899 369 988 408 vita
1003 396 1017 418 ‚
1048 377 1092 408 et
1116 377 1292 423 pectore
1311 381 1439 425 puro.

213 457 218 462 ”
246 447 386 503 Atqui
404 447 442 488 si
458 447 577 493 vitiis
599 446 890 488 mediocribus
911 460 960 486 ac
986 460 1081 487 mea
1109 445 1255 502 paucis
1299 435 1304 442 ’
1492 436 1548 487 65

246 521 460 564 Mendosa
479 532 545 565 est
574 533 752 573 natura,
781 521 948 577 alioqui
967 531 1109 572 recta3
1140 520 1279 572 (velut
1307 520 1347 562 si
1535 515 1537 520 ’

243 600 424 654 Egregio
443 599 662 656 inspersos
683 598 977 656 reprehendas
1001 613 1183 655 corpore
1206 600 1385 654 naevos)

247 677 295 717 Si
320 691 461 732 neque
485 676 735 732 avaritiam,
762 690 906 731 neque
931 674 1107 726 sordes,
1136 680 1210 734 ειμι
1230 675 1344 716 mala
1370 674 1508 717 lusu-a

247 751 440 794 obiiciat
471 764 571 793 vere
591 752 819 808 quisquam
843 752 977 792 mihi:
1006 767 1163 809 purus,
1192 761 1236 792 et
1258 752 1429 803 insons,
1535 746 1538 748 v

249 828 328 881 (Ut
354 843 423 870 me
447 828 711 880 collaudem)
733 829 772 870 si
799 839 844 870 et
862 829 959 870 vivo
981 844 1104 870 carus
1124 829 1273 869 amicis
1291 841 1303 871 :
1394 838 1397 843 '
1493 823 1550 871 ¹¹70

246 907 403 948 Caussa
425 907 507 948 fuit
532 917 657 963 pater
680 907 774 956 his;
804 907 880 962 qui
907 919 1056 948 macro
1076 921 1244 963 pauper
1271 904 1415 962 agello

245 982 401 1024 Noluit.
420 983 467 1024 in
491 982 615 1024 Flavi
636 981 787 1025 ludum
815 965 882 1023 m.e
903 983 1080 1024 mittere
1097 1010 1111 1033 ,
1134 982 1283 1037 ,magni

245 1060 341 1121 Quo
367 1060 495 1116 pueri
519 1060 681 1114 magnis
707 1074 731 1100 e
760 1057 1087 1100 centurionibus
1111 1058 1220 1109 orti,

244 1137 390 1178 Laevo
411 1137 607 1193 suspensi
634 1135 824 1186 loculos,
854 1135 1130 1191 tabulamque
1157 1134 1351 1186 lacerto,

240 1204 368 1253 Ibant
386 1213 552 1254 octonis
575 1213 817 1253 referentes
846 1210 995 1265 Idibus
1020 1226 1140 1260 aex-zu
1237 1204 1245 1210 ¹
1495 1208 1550 1253 75
1586 1210 1587 1213 '

245 1288 331 1331 Sed
349 1302 527 1346 puerum
548 1300 612 1331 est
631 1304 754 1331 ausus
773 1291 953 1330 Romam
973 1299 1148 1345 portare
1162 1317 1175 1339 ,
1206 1286 1445 1329 docendum
1553 1276 1555 1279 Ι

245 1369 404 1418 Artes,
431 1383 536 1424 quas
562 1366 714 1409 doceat
730 1367 870 1423 quivis
894 1382 1050 1423 eques,
1078 1376 1208 1422 atque
1231 1375 1406 1407 senator

245 1446 661 1502 Semetprognatos:
690 1454 850 1486 vestem
867 1475 880 1496 ,
910 1459 1139 1500 servosque
1166 1453 1395 1499 sequentes

246 1523 296 1564 In
317 1536 471 1578 magno
497 1531 546 1563 ut
568 1522 730 1578 populo
758 1522 795 1563 si
817 1523 914 1577 quis
941 1519 1150 1572 vidisset,
1179 1521 1296 1562 avita

332 1666 377 1702 65
400 1671 472 1703 aut
495 1677 588 1701 mea
612 1666 680 1702 Vr.
706 1665 758 1702 G.
779 1677 798 1700 a
817 1668 850 1701 2.
874 1676 925 1700 m.
944 1669 987 1699 ut
1003 1676 1096 1700 mea
1113 1664 1237 1699 Aldus
1266 1666 1362 1699 ¹501.
1407 1661 1450 1702 67
1483 1663 1552 1700 in·

249 1738 433 1771 sparsos.
481 1728 524 1764 67
555 1725 832 1772 reprehendas
867 1725 914 1760 V.
942 1728 989 1758 A.
1018 1725 1074 1759 D.
1109 1724 1173 1760 Vr.
1198 1723 1247 1758 E.
1271 1723 1310 1759 F.
1336 1723 1386 1759 H.
1410 1723 1457 1770 K.
1478 1723 1550 1760 Va.

247 1790 302 1825 A.
319 1788 382 1832 C.,
408 1788 502 1823 alius
522 1797 598 1822 ms.
628 1786 727 1831 apud
759 1784 895 1820 Oberl.
920 1785 981 1820 ed.
1015 1784 1143 1820 Princ.
1165 1783 1278 1819 Med.
1308 1781 1405 1822 1476.
1422 1784 1550 1829 Venn.

250 1846 349 1887 1479.
369 1847 470 1885 1481.
500 1844 597 1885 1490.
619 1846 723 1881 Flor.
747 1845 843 1880 1482.
870 1845 994 1879 Aldus
1017 1847 1113 1880 1501.
1138 1843 1247 1878 Iunta
1272 1843 1370 1878 1503.
1420 1842 1474 1879 Et
1500 1843 1552 1880 ita

249 1909 388 1954 legitur
404 1918 545 1944 versus
565 1908 711 1952 integer
727 1906 826 1952 apud
853 1906 891 1940 S.
911 1905 1135 1948 Hienonym.
1157 1904 1267 1949 epist.
1284 1904 1328 1939 ad
1355 1903 1550 1940 Salvinam

248 1970 305 2009 79.
334 1980 398 2015 op.
426 1968 514 2004 edit.
543 1967 689 2004 Veron.
715 1973 809 2002 tom.
839 1974 871 2002 1.
904 1966 980 2001 col.
1010 1968 1108 2000 502:
1134 1965 1319 2013 Eqreqio
1340 1965 1553 2011 inspersos.

249 2028 527 2077 reprehendas
551 2038 720 2074 corpore
741 2038 902 2062 naevos.
949 2025 1011 2061 ΑΙ.
1039 2024 1174 2070 [flod]
1198 2025 1438 2069 reprendas.

336 2114 380 2149 68
404 2118 476 2150 aut
496 2113 611 2149 mala
632 2123 684 2148 ex
703 2114 862 2148 Acrone
887 2121 961 2146 ms.
977 2116 1013 2145 et
1032 2110 1133 2145 edito
1156 2109 1193 2145 in
1214 2109 1310 2144 Ven.
1332 2109 1418 2146 edit.
1433 2097 1549 2156 1'490„

250 2180 288 2211 et
306 2175 387 2211 aliis
405 2174 641 2218 argumentis
656 2200 667 2218 ‚
694 2171 1024 2215 Bentleiusfinde
1047 2171 1133 2205 San.
1159 2170 1255 2206 Batt.
1275 2170 1411 2208 Zeun.
1442 2169 1563 2206 Waf

249 2235 325 2272 kef.
370 2235 466 2270 Vide
483 2234 629 2269 similes
651 2234 763 2268 locos
781 2232 847 2267 111.
870 2232 934 2267 od.
959 2233 1010 2266 12.
1030 2233 1062 2265 2.
1083 2231 1146 2265 od.
1165 2233 1220 2266 23.
1243 2232 1275 2268 7·
1299 2230 1356 2267 11:
1368 2237 1437 2268 sat.
1458 2239 1493 2266 1.
1511 2234 1546 2268 1.

250 2299 304 2332 15.
324 2294 378 2331 11.
398 2299 467 2330 sat.
500 2294 535 2330 2.
564 2295 617 2328 22.
649 2304 700 2328 ac
725 2293 840 2327 mala
865 2302 958 2327 mss.
980 2298 1017 2326 et
1036 2291 1220 2326 editiones
1240 2296 1410 2328 veteres·
1452 2291 1549 2327 Nec

248 2356 365 2393 mala
395 2365 446 2390 ex
474 2364 549 2390 ms.
577 2354 799 2399 Cruquius,
831 2358 868 2386 et
897 2362 948 2387 ex
973 2362 1021 2386 eo
1049 2350 1197 2387 Dacer.
1227 2350 1391 2395 Cuning.
1433 2350 1554 2388 Baxt.

251 2415 377 2466 Gesn.
401 2414 564 2451 Combe.
589 2413 707 2448 lucra
724 2413 771 2448 V.
795 2413 846 2448 H.
874 2424 894 2447 a
925 2415 957 2448 2.
980 2423 1055 2455 m.,
1086 2411 1145 2446 alii
1164 2420 1258 2447 mss.
1278 2410 1379 2457 apud
1401 2410 1543 2448 Lamb.

248 2477 368 2514 Tot-r.
392 2476 466 2512 Sed
486 2476 586 2511 bene
603 2474 763 2518 lustra,
796 2474 843 2508 de
884 2472 1022 2519 quibus
1050 2472 1192 2517 passim
1218 2472 1317 2517 apud
1345 2471 1545 2516 Plautum,

253 2538 508 2580 Ciceronem,
532 2535 739 2581 Apuieium
754 2561 765 2578 ‚
791 2534 967 2569 Servium
982 2559 995 2578 ‚
1018 2533 1194 2576 Festum,
1224 2533 1410 2578 aliosque.
1453 2533 1498 2569 75
1523 2532 1545 2562 ¹⁸⁸.

253 2596 390 2635 Idibus
417 2608 551 2634 assem
573 2597 639 2632 Vr.
661 2596 709 2631 A.
728 2607 749 2631 a
771 2599 804 2630 2.
825 2607 878 2631 m.
904 2605 956 2631 ex
973 2595 1221 2640 glossemate.
1265 2595 1312 2634 79
1333 2593 1455 2641 siqui
1471 2592 1546 2635 Vr.
