1708 2938
202 159 284 201 120
683 153 1060 194 Summum·

198 278 246 320 Si
269 276 381 318 male
410 292 504 319 rem
533 291 708 333 gerere,
736 278 875 320 insani
898 288 987 326 est;
1018 284 1168 317 contra
1188 273 1325 325 bene,
1347 273 1472 323 ·sani;

197 353 394 396 Putidius
415 355 550 396 multo
574 353 803 401 cerebrum
832 363 914 403 est,
933 352 1043 392 mihi
1063 350 1211 405 crede,
1231 349 1407 401 Perilli,
1447 350 1501 394 75

146 416 149 425 ’
197 430 442 482 Dictantis,
469 431 658 487 quodtu
687 445 920 486 numquam
946 428 1190 489 rescribere
1217 427 1368 484 possis.

196 507 398 560 Audire,
428 519 558 565 atque
582 519 724 564 togam
747 506 877 549 iubeo
900 520 1183 563 componere,
1212 504 1409 561 quisquis

196 583 451 626 Ambitione
472 585 611 634 mala,
639 594 712 624 aut
743 582 910 635 argenti
931 581 1072 638 pallet
1094 595 1262 630 amore;
1326 581 1329 583 ’

197 663 402 722 Quisquis
430 662 625 712 luxuria,
655 662 827 702 tristive
849 659 1183 717 superstitione,

196 739 289 780 Aut
307 738 394 779 alio
417 739 572 779 mentis
592 738 744 779 morbo
766 735 893 778 calet.
923 738 1017 779 Huc
1042 735 1221 792 propius
1243 748 1338 784 me,
1448 735 1503 778 80

194 817 315 859 Dum
339 814 476 857 doceo
499 815 688 856 insanire
706 828 877 865 omnes,
910 828 984 854 vos
1012 812 1166 855 ordine
1187 811 1320 852 adite.

194 891 349 934 Danda
375 902 443 935 est
472 890 693 933 hellebori
719 890 859 932 multo
887 904 988 946 pars
1012 890 1196 931 maxima
1218 887 1382 928 avaris:

194 970 356 1012 Nescio
371 985 425 1011 an
449 970 704 1026 Anticyram
726 968 837 1009 ratio
859 966 953 1008 illis
987 965 1177 1007 destinet
1199 978 1380 1006 omnem.

193 1046 389 1090 Heredes
414 1045 586 1087 Staberi
608 1058 819 1088 summam
841 1041 1038 1084 incidere
1062 1040 1293 1098 sepulcro:

182 1111 255 1165 'Ni
283 1124 348 1167 sic
385 1123 617 1174 fecissent,
643 1119 934 1177 gladiatorum
955 1116 1059 1160 dare
1083 1127 1256 1159 centum
1447 1113 1501 1160 85

193 1201 401 1243 Damnati
419 1199 584 1256 populo
610 1198 758 1255 paria,
785 1209 914 1253 atque
935 1196 1140 1253 epulum,
1169 1194 1354 1237 arbitrio
1374 1193 1500 1242 Arri;

192 1276 419 1318 Frumenti
440 1284 647 1333 quantum
672 1273 799 1315 metit
820 1274 987 1317 Africa.
1047 1271 1148 1313 Sive
1179 1285 1257 1325 ego
1277 1283 1433 1325 prave,

193 1355 279 1396 Seu
302 1363 444 1402 recte;
475 1352 557 1393 hoc
575 1350 719 1393 volui:
748 1365 805 1391 ne
826 1351 884 1391 sis
899 1359 1078 1406 patruus
1100 1347 1222 1389 mihi.
1254 1345 1419 1398 Credo,

193 1432 289 1473 Hoc
316 1428 488 1470 Staberi
502 1426 763 1484 prudentem
785 1427 972 1466 animum
992 1422 1167 1465 vidisse..
1224 1420 1339 1482 Quid
1369 1436 1470 1476 ergo

193 1507 351 1558 Sensit,
369 1520 502 1562 quum
528 1519 734 1546 summam
754 1501 990 1559 patrimoni
1017 1499 1265 1556 insculpere
1289 1496 1389 1541 saxo
1442 1497 1500 1543 90

192 1581 390 1625 Heredes
418 1579 589 1623 voluit?
619 1577 771 1642 Quoad
795 1578 930 1627 vixit,
960 1574 1151 1617 credidit
1168 1576 1322 1629 'ingens
1412 1572 1415 1577 ’

193 1658 457 1715 Pauperiem
478 1657 658 1712 vitium5
689 1664 731 1695 et
751 1654 865 1694 cavit
886 1651 1000 1693 nihil
1028 1651 1194 1693 acrius:
1223 1660 1293 1701 ut,
1323 1650 1361 1691 si

191 1735 326 1777 Forte
348 1733 488 1775 minus
507 1731 703 1788 locuples
730 1743 814 1772 uno
836 1726 1075 1784 quadrante
1103 1726 1319 1782 perisset,

279 1852 323 1894 ‘Ill
355 1854 517 1898 insani,
551 1857 696 1888 contra
726 1849 825 1890 bene
849 1850 946 1885 sani
973 1854 1031 1884 esc
1068 1860 1121 1883 ex
1157 1850 1187 1882 2.
1213 1858 1307 1883 mss.
1343 1847 1493 1892 Bentl.,

193 1926 312 1963 quem
342 1915 517 1961 sequitur
539 1912 696 1947 Wakef.
728 1911 869 1946 insani
892 1914 975 1954 est,
1009 1914 1155 1945 contra
1181 1907 1276 1943 hene
1307 1907 1403 1943 sam·
1435 1910 1495 1942 est

194 1976 360 2020 Cuning.
405 1977 447 2012 75
469 1972 659 2009 mie-rede
682 1972 849 2015 Cuning.
895 1971 938 2006 75
959 1969 1125 2006 Perelli.
1149 1968 1165 1985 '¹
1190 1967 1355 2004 Parem
1379 1966 1423 2002 V.
1441 1968 1490 2002 A.

280 2051 323 2091 84
345 2065 548 2091 summam
576 2051 754 2089 incidere
787 2049 984 2096 sepulcro.
1040 2048 1096 2083 Ita
1126 2048 1163 2082 in
1194 2046 1376 2092 sepulcro
1395 2044 1491 2080 Tri⁴

191 2115 422 2153 malchionis
446 2113 544 2159 apud
568 2112 729 2148 Petron.
757 2122 790 2146 c.
820 2112 897 2146 71.:
936 2107 1020 2144 EX.
1046 2106 1250 2143 PARVO.
1275 2104 1492 2142 CREVlT.

192 2173 568 2213 SEXTERTIVM.
594 2170 868 2220 RELIQVIT.
891 2166 1253 2206 TRECENTIES.

279 2249 324 2286 86
345 2250 478 2293 Arri,
501 2254 538 2284 et
564 2248 690 2284 Bentl.
709 2258 760 2282 ex
783 2247 952 2291 ingenio.
999 2247 1039 2280 88
1065 2242 1078 2259 ’
1103 2243 1210 2278 volui
1242 2241 1318 2276 hoc
1340 2241 1415 2275 An.
1440 2242 1515 2276 A..
1553 2271 1562 2279 .

280 2329 325 2361 88
346 2327 364 2345 ⁴
387 2337 465 2361 neu
482 2326 541 2361 sis
568 2325 640 2358 An.
663 2324 714 2359 A.
761 2325 804 2361 89
828 2320 992 2358 iussisse
1010 2329 1060 2354 ex
1083 2319 1233 2360 ingenio
1263 2316 1491 2360 Lambinus,

147 2403 151 2407 ¹
192 2394 380 2433 sequutus
402 2385 558 2432 phrasin
581 2383 777 2419 juridicam
792 2409 803 2426 ,
828 2391 868 2416 ut
891 2382 1010 2427 inquit
1028 2379 1236 2425 Cruquius.

278 2463 323 2500 90
345 2460 575 2506 itzscalpere
593 2452 922 2493 edd.Venn.1-483.
950 2456 1043 2492 1552.
1069 2454 1155 2488 Vid.
1178 2435 1292 2499 supra
1315 2451 1360 2487 ad
1378 2461 1414 2486 ν.
1434 2451 1491 2485 22.

278 2528 320 2579 9¹.
347 2525 362 2543 ⁹
386 2524 494 2573 quod
510 2524 568 2560 ad
586 2523 689 2558 vixit
710 2522 780 2557 Va.
805 2523 851 2557 A.
895 2522 940 2563 92
962 2519 1026 2557 nil
1043 2519 1182 2554 acrius
1206 2518 1252 2554 V.
1279 2519 1324 2553 Α.
1348 2516 1406 2552 Ν;
1430 2516 1489 2552 ed.

191 2586 288 2626 Ven.
315 2582 409 2627 1490.
448 2584 559 2621 [unta
585 2585 682 2619 1503.
715 2581 875 2628 Cuning.
937 2582 981 2621 93
1009 2580 1185 2628 perisset
1210 2577 1253 2616 V.
1278 2577 1323 2613 B.
1347 2575 1396 2613 K.
1424 2575 1488 2613 M.
