1708 2938
693 162 876 201 anssn
904 160 940 200 Ι.
997 163 1038 204 1.
1447 155 1526 203 197
1597 207 1605 218 .

222 291 382 332 Fervet
400 288 614 340 avaritia,
642 287 887 345 miseroque
907 284 1115 343 'cupidine
1137 294 1288 342 pectus
1300 283 1321 323 ’Ξ

212 369 329 410 ‘Sunt
352 365 512 418 verba,
541 376 587 408 ot
605 379 757 417 voces,
785 364 942 422 quihus
963 364 1078 407 hunc
1107 362 1252 404 lenire
1277 359 1475 404 dolorem

219 442 390 493 Possis;
421 452 467 484 ot
491 456 688 497 magnam
709 439 852 483 morbi
877 439 1100 497 deponere
1126 448 1310 496 partem.
1475 435 1529 479 35

221 516 385 559 Laudis
411 531 559 559 amore
579 515 750 560 tumes?
777 526 878 560 sunt
898 525 1017 558 certa
1039 515 1211 573 piacula
1227 543 1242 567 ,
1269 528 1380 572 quae
1404 523 1450 557 te

223 596 311 635 Ter
329 609 439 651 pure
465 592 581 635 lecto
598 601 807 650 poterunt
823 607 1022 634 recreare
1043 591 1218 637 libello.
1294 576 1304 584 ,

223 669 425 722 Invidus,
452 668 712 721 iracundus,
742 670 884 721 iners,
914 671 1117 720 vinosus,
1143 678 1330 720 ammon

223 748 365 790 Nemo
388 746 497 789 adeo
523 748 647 789 ferus
670 756 760 798 est,
789 757 838 789 ut
860 761 946 788 non
969 747 1195 797 mitescere
1214 745 1380 803 possit:

226 825 273 867 Si
300 824 429 867 modo
450 824 652 867 culturae
672 825 910 881 patientem
932 824 1174 866 commodet
1191 838 1352 865 aurem.
1468 822 1536 875 *40

228 903 378 945 Virtus
403 912 492 954 est,
519 902 675 945 vitium
701 904 876 956 fuger03
905 911 950 943 et
977 902 1188 958 sapientia
1211 901 1380 958 prima,

226 982 422 1024 Stultitia
444 983 651 1023 caruisse.
708 979 870 1032 Vides,
899 994 1010 1037 quae
1031 981 1214 1022 maxima
1235 978 1377 1021 credis

228 1065 336 1105 Esse
355 1062 502 1123 ‘mala‚
531 1062 732 1118 exiguum
752 1077 930 1104 censum
944 1091 958 1113 ‚
999 1072 1260 1118 turpemque
1292 1058 1541 1117 repulsam;

228 1142 398 1201 Quanto
422 1139 590 1183 devites
608 1140 771 1190 animi,
798 1139 1043 1196 capitisque
1061 1139 1227 1181 labore.

226 1218 423 1274 Impiger
442 1226 658 1260 extremos
682 1217 821 1259 curris
853 1226 1067 1258 mercator
1081 1214 1138 1256 ad
1157 1213 1285 1257 Indos
1302 1229 1315 1264 ;
1489 1210 1544 1258 45

227 1295 313 1337 Per
334 1307 452 1336 mare
470 1294 726 1352 pauperiem
756 1294 928 1350 fugiens
942 1326 953 1348 ,
983 1309 1067 1351 per
1085 1308 1210 1345 saxa,
1223 1308 1319 1349 per
1339 1292 1482 1348 ignes:

226 1361 296 1413 Ne
322 1386 446 1416 cures
469 1387 547 1423 ea,
574 1386 686 1428 quae
710 1371 844 1414 stulte
867 1371 1069 1422 miraris,
1098 1380 1144 1412 et
1166 1381 1316 1427 optas;

220 1451 449 1502 Discere,
477 1460 523 1492 et
556 1448 734 1501 audire,
762 1459 808 1491 et
835 1448 1011 1491 meliofi
1033 1447 1216 1490 credere
1248 1462 1336 1490 non
1356 1445 1455 1489 vis?

233 1571 304 1608 ille
335 1571 535 1606 nivosam.
566 1569 650 1605 Vai.
675 1569 803 1604 Flacc.
830 1569 858 1605 Ι.
882 1571 985 1605 ssa:
1019 1569 1078 1604 Et
1106 1568 1285 1603 Tanaim
1320 1573 1438 1602 tenus
1472 1566 1552 1602 im-

234 1641 375 1666 menso
404 1629 611 1665 descendit
641 1627 692 1664 ab
727 1629 859 1665 Euro.
907 1629 1013 1663 Svet.
1047 1629 1084 1663 in
1120 1628 1232 1663 Caes.
1260 1630 1341 1663 52:
1391 1627 1552 1662 Eadem

237 1700 342 1724 nave
365 1688 629 1734 Aethiopiam
645 1695 762 1724 tenus
776 1670 1017 1735 Aeqypium
1031 1689 1273 1733 penetravit.
1320 1687 1381 1722 Sic
1403 1687 1440 1721 in
1456 1698 1554 1724 mss.

240 1748 441 1786 Prudentii
467 1749 606 1785 Perist.
632 1749 683 1785 X.
698 1741 764 1783 43.
790 1749 880 1784 edit.
915 1751 1038 1788 1789.:
1063 1736 1066 1739 ⁵
1087 1749 1157 1783 Ire
1198 1747 1374 1782 mandat
1403 1747 1555 1782 milites

238 1809 474 1845 Ecclesiam
494 1814 622 1845 tenus.
671 1811 751 1857 Qui
777 1810 906 1854 legunt
929 1808 1130 1856 quodam,
1163 1808 1255 1843 illud
1283 1807 1556 1843 adverbialiter

239 1869 458 1915 accipiunt,
483 1881 555 1916 pro
581 1869 721 1917 aliquo
742 1880 888 1917 usque,
913 1880 1036 1915 usque
1059 1869 1118 1903 ad
1135 1868 1339 1917 quiddam.
1395 1869 1440 1903 33
1454 1866 1558 1913 ser·

238 1930 298 1965 vit
319 1929 419 1966 Cun.
441 1939 494 1965 ex
518 1930 687 1974 ingenio.

326 2010 371 2043 33
395 2009 643 2058 miseraque.
690 2007 732 2044 34
759 2008 941 2045 laborem
964 2008 1065 2046 Cun.
1091 2019 1203 2044 more
1227 2019 1315 2044 suo.
1338 2007 1424 2043 vid.
1441 2007 1556 2054 epod.

244 2069 300 2106 17.
324 2066 382 2104 6-1.
427 2071 472 2104 35
494 2069 627 2106 morbi
643 2081 846 2119 maynam
872 2068 969 2103 Cun.
995 2078 1048 2103 ex
1072 2079 1166 2103 aure
1192 2078 1272 2102 sua.
1317 2069 1361 2101 35
1385 2066 1559 2113 depelle-

241 2140 289 2164 re
312 2140 386 2165 ms.
413 2130 512 2176 apud
537 2129 703 2166 Combe.
747 2133 791 2166 39
815 2130 831 2146 ⁹
855 2130 924 2176 qui
945 2140 1029 2164 non
1054 2128 1122 2164 Vr.
1150 2127 1200 2164 G.
1257 2126 1302 2163 40
1326 2137 1560 2162 accommo-

243 2189 310 2224 det
331 2189 398 2225 Vr.
426 2193 473 2226 A.
497 2190 586 2227 Sax.
612 2196 648 2225 et
673 2201 748 2226 mS.
773 2189 928 2224 Bet-sm.
955 2190 972 2206 ⁴
991 2187 1192 2235 praebeat
1213 2187 1260 2224 V.
1286 2188 1341 2235 Q.
1394 2182 1435 2222 41
1452 2186 1562 2222 *Est

243 2250 375 2286 virtus
401 2250 468 2289 Vr.
489 2253 538 2286 A.
583 2247 628 2285 44
651 2251 790 2286 animo
815 2252 908 2284 ms‘s.
933 2251 966 2285 3.
991 2249 1092 2296 apud
1117 2249 1354 2296 Cnuquiun„
1369 2258 1470 2294 quos
1495 2259 1563 2283 se-

245 2310 377 2356 quitur
399 2311 550 2356 exiguis
574 2312 814 2357 argumentis
839 2310 973 2356 Baxt.‚
996 2311 1086 2347 inde
1112 2309 1236 2348 Gesn.
1262 2309 1399 2347 Oberl.
1437 2309 1563 2344 Com-

246 2371 298 2408 be
314 2398 327 2416 ,
353 2371 471 2408 Wak.

334 2427 388 2474 44
404 2439 422 2457 '⁴'
447 2438 677 2486 capitisque
704 2437 876 2474 labore?
915 2437 989 2475 Ch.
1014 2438 1065 2474 A.
1100 2438 1325 2485 capitisque
1353 2435 1493 2472 dolore
1514 2435 1566 2472 V.

251 2496 315 2534 M.
340 2494 734 2546 capitisque'dolore
759 2498 823 2534 vel
848 2496 987 2534 labore
1014 2498 1062 2534 V.
1089 2497 1144 2535 G.
1171 2497 1396 2544 capitisque
1408 2495 1567 2542 periclo

251 2557 322 2595 Vr.
347 2557 399 2594 G.
424 2571 445 2594 a
471 2565 501 2595 1.
527 2570 580 2595 m·
626 2559 667 2596 47
694 2560 711 2578 ⁴
735 2559 825 2594 Nec
844 2569 960 2594 cures
986 2557 1030 2595 V.
1058 2558 1109 2594 K.
1138 2557 1203 2593 Vr.
1227 2558 1284 2593 D.
1309 2557 1381 2592 Ba.
1407 2556 1568 2606 Β.Νοζι

255 2627 372 2669 cures
397 2617 441 2655 V.
464 2618 514 2670 P.
562 2618 798 2655 avDicere
820 2623 856 2653 et
882 2619 948 2656 Vr.
975 2619 1008 2656 1.
1056 2618 1100 2654 48
1124 2623 1162 2653 et
1185 2617 1335 2654 audere
1353 2617 1438 2654 edit.
1452 2616 1567 2660 Zau,
