1708 2938
642 179 823 220 Lmen
852 180 886 220 Ι.
945 185 984 225 1.
1283 242 1288 248 ⁸
1444 177 1473 220 9

168 302 256 376 Qui
279 311 346 355 nil
365 312 564 370 portarit.
619 313 702 356 vel
721 313 817 366 dic,
846 313 956 372 quid
978 315 1147 357 referat
1163 315 1276 357 intra

168 387 362 430 Naturae
380 389 486 431 fines
506 389 697 442 viventi,
726 391 874 447 iugera
906 397 1081 435 centum
1098 421 1112 443 ,
1140 407 1195 433 an
1332 406 1337 410 “
1413 391 1469 438 50

166 464 300 507 Mille
317 464 447 508 aret?
475 466 536 508 At
560 481 687 510 suave
707 477 774 510 est
795 484 850 511 ex
875 484 1030 524 magno
1054 468 1218 511 tollere
1240 483 1411 511 acervo.

164 542 282 585 Dum
302 558 356 586 ex
374 558 506 600 parvo
524 543 651 587 nobis
671 544 936 588 tantumdem
953 546 1126 589 haurire
1143 545 1383 603 relinquas,

121 601 128 605 ἱ
165 622 256 665 Cur
277 631 349 664 tua
367 621 467 679 plus
486 621 637 665 laudes
657 625 843 667 cumeris
864 625 1058 680 granaria
1078 625 1273 667 nostris?

165 700 250 752 Ut,
278 699 362 743 tibi
384 701 422 742 si
445 700 502 742 sit
525 715 632 757 opus
648 700 811 758 liquidi
833 717 920 744 non
941 703 1130 760 amplius
1149 718 1257 747 urna
1270 731 1286 754 ,

163 778 248 820 vel
267 780 450 836 cyath03
480 789 525 821 et
545 779 689 822 dicas:
719 796 872 836 magno
905 772 959 823 de
982 781 1159 824 flumine
1179 781 1358 834 malim,
1415 783 1469 828 55
1495 781 1499 783 l

165 857 301 918 Quam
321 871 375 899 ex
393 856 477 899 hoc
495 857 709 900 fonticulo
734 858 1007 900 tantumdem
1029 874 1216 902 sumere.
1246 861 1311 902 Eo
1338 860 1414 913 fit,
1478 907 1483 913 A

161 933 340 976 Plenior
360 943 409 976 ut
430 935 469 976 si
491 949 600 992 quos
618 933 811 978 delectet
834 937 960 994 copia
985 937 1128 988 iusto,

164 1010 274 1051 Cum
299 1010 396 1067 ripa
418 1010 552 1053 simul
574 1011 743 1054 avulsos
773 1013 889 1055 ferat
910 1012 1093 1057 Aufidus
1119 1029 1235 1057 aoer.

162 1087 226 1131 At
255 1091 332 1146 qui
359 1085 520 1132 tantuli
539 1102 664 1148 eget,
703 1104 862 1150 quanto
886 1105 952 1136 est
969 1109 1102 1152 opus:
1130 1095 1168 1150 ie
1195 1109 1338 1152 neque
1364 1093 1473 1137 limo

160 1156 393 1210 Turbatam
416 1170 566 1213 haurit
586 1186 911 1230 aquam,neque
930 1174 1062 1215 vitam
1074 1174 1238 1216 amittit
1261 1175 1307 1215 in
1327 1173 1473 1217 undis.

158 1245 350 1290 Athona
369 1263 470 1305 pars
496 1249 744 1302 hominum,
773 1250 960 1309 decepta
987 1252 1196 1309 cupidine
1222 1251 1362 1304 falso,
1418 1250 1473 1294 61

158 1323 239 1365 Nil
259 1326 360 1368 satis
385 1336 465 1378 est,
486 1326 654 1385 inquit:
680 1330 781 1385 quia
806 1331 934 1381 tanti,
958 1341 1167 1388 quantum
1194 1330 1374 1383 habeas,
1395 1330 1470 1374 sis·

116 1444 125 1448 ,
158 1402 278 1465 Quid
299 1404 432 1447 facias
452 1400 526 1447 illi
539 1405 560 1446 ’ἒ
587 1404 740 1449 Iubeas
760 1407 963 1450 miserum
983 1424 1102 1460 esse,
1130 1407 1322 1451 libenter

157 1582 232 1619 Va.
253 1585 303 1619 A.
325 1586 402 1620 An.
421 1585 471 1621 A.
489 1597 509 1620 a
527 1587 562 1620 2.
586 1597 659 1629 m.,
679 1587 737 1621 alii
760 1597 855 1622 mss.
880 1588 979 1634 apud
1006 1569 1253 1633 Bentleium,
1291 1587 1472 1633 Combe3

158 1642 326 1680 defendit
351 1644 572 1689 Remmius,
595 1656 813 1692 sequuntur
832 1648 996 1692 Cuning.
1021 1648 1158 1684 Sanad.
1191 1648 1296 1684 Phil.
1321 1648 1473 1684 Wake-

158 1702 263 1739 field.
310 1705 372 1741 ΑΙ.
391 1705 493 1749 [Bod
511 1707 532 1752 ]
551 1706 645 1750 plus
660 1733 672 1750 ‚
697 1718 820 1753 quam
840 1719 953 1744 meus
966 1735 976 1751 ,
998 1719 1049 1742 ex
1067 1709 1319 1752 glossemate.

246 1779 292 1821 49
316 1781 333 1799 ’
357 1782 458 1831 quid
468 1782 662 1826 conserat
680 1784 797 1820 intra
815 1785 863 1820 V.
883 1785 948 1825 N„
959 1791 1005 1824 50
1022 1786 1192 1823 viventis
1204 1787 1358 1823 coniicit
1372 1786 1472 1824 Cun.

245 1861 289 1893 ‚52
313 1859 335 1882 '⁸¹
365 1859 463 1911 Cufn
485 1872 538 1895 ex
551 1871 687 1907 parvo
711 1861 785 1908 Vp.
802 1862 849 1898 C.
875 1863 946 1897 Ch.
965 1865 1014 1898 A.
1031 1863 1101 1899 Ba.
1132 1866 1178 1899 A.
1198 1863 1310 1899 Dum
1331 1869 1472 1900 tamen

160 1930 181 1954 e
190 1929 325 1970 parvo
344 1918 460 1957 nobis
481 1921 546 1958 Vr.
574 1923 604 1957 1.
651 1925 694 1957 53
721 1927 741 1946 ³⁸
762 1922 858 1970 plus
878 1925 1054 1960 cumeris
1076 1924 1217 1960 laudes
1244 1925 1287 1961 V.
1309 1925 1359 1962 G.

243 2010 287 2042 55
309 2008 454 2043 malim
474 2009 521 2045 V.
539 2010 588 2045 A.
612 2009 658 2045 E.
678 2010 747 2046 Vr.
771 2011 817 2046 C.
839 2010 877 2046 F.
900 2011 964 2056 H,
988 2013 1048 2047 alii
1075 2023 1170 2049 mss.
1197 2013 1296 2059 apud
1326 2013 1468 2051 Lamb.

156 2067 285 2104 Benn.
306 2068 389 2106 Val.
414 2069 596 2105 Praetulit
619 2071 844 2116 Bemleius,
870 2072 1035 2117 Cuning.
1067 2073 1154 2109 San.
1180 2073 1284 2109 Phil.
1309 2074 1469 2111 Wakef.

156 2128 221 2164 Al.
242 2127 374 2173 [Bod]
398 2130 581 2167 mallem.
626 2134 668 2167 58
693 2133 762 2180 qui
778 2133 950 2173 tantulo.
999 2135 1043 2168 ,58
1067 2139 1264 2181 quantum
1287 2139 1346 2170 est
1371 2143 1470 2182 opus·

156 2188 286 2228 Bentl.
309 2201 360 2226 ex
383 2202 478 2228 mss.
502 2193 666 2238 Cuning.
685 2194 772 2229 San.
794 2191 950 2231 Wakef.
996 2194 1039 2230 60
1061 2206 1135 2231 nec
1158 2198 1286 2233 vitam
1306 2194 1380 2230 Ba.
1399 2199 1469 2241 A.‚

155 2250 217 2286 alii
239 2261 336 2288 ms&
370 2253 470 2299 apud
498 2253 671 2299 Combe;
708 2256 757 2289 ita
789 2254 915 2291 Bentl.
944 2256 1109 2301 Cuning.
1130 2257 1220 2293 San.
1239 2256 1305 2292 Al·
1329 2256 1466 2303 [Bod]

154 2321 281 2359 neque
299 2313 438 2351 vitam.
483 2313 524 2349 61
541 2314 668 2358 falsa
691 2316 764 2351 Ch.
811 2315 857 2353 Β.
879 2323 899 2353 a
918 2321 949 2354 1.
965 2328 1039 2360 m..
1063 2311 1469 2365 duo'mss.apudva1.

241 2399 285 2438 63
308 2402 508 2438 miseram
537 2415 636 2440 unus
664 2416 737 2440 ms.
769 2405 869 2451 apud
902 2405 1014 2451 vat,
1048 2407 1114 2452 qui
1141 2407 1286 2452 recepit
1317 2406 1354 2441 in
1375 2413 1466 2442 tex·

155 2467 253 2499 tum.
303 2462 360 2502 lta
390 2465 609 2500 coniecerat
636 2464 823 2510 Marcii„
849 2467 918 2502 sed
950 2468 1154 2503 reiecerat:
1193 2468 1388 2513 adoptavit
1412 2478 1466 2504 ex
1536 2476 1539 2480 ’

156 2524 378 2558 coniectura
397 2523 543 2569 Bentl„
568 2537 686 2571 quem
713 2537 929 2572 sequuntur
951 2528 1116 2574 Cuning.
1140 2529 1465 2575 San.Phn.‚quia

152 2584 346 2622 *referatur
366 2586 410 2619 ad
432 2583 537 2620 bona
554 2597 672 2631 pars.
720 2587 763 2622 63
798 2589 996 2624 miserum
1029 2602 1115 2625 esse
1132 2616 1142 2633 ,
1179 2589 1361 2625 libenter.
1407 2590 1465 2624 lta

158 2642 363 2691 distinguas
392 2657 481 2685 cum
507 2647 626 2686 'sorta
660 2648 825 2694 Cuning.
849 2650 984 2688 Sauad.
1017 2651 1176 2696 Oberl„
1202 2656 1238 2686 et
1262 2651 1308 2687 ita
1329 2650 1366 2687 in
1389 2650 1461 2705 Cli.
