1708 2938
803 95 823 107 O

274 178 327 221 16
500 174 510 185 '⁴
749 178 1092 219 SATvnAnunt

246 306 250 312 “
270 295 591 358 Fabula-quem
618 298 822 342 miserum
847 309 973 354 gnato
998 299 1157 341 vixisse
1183 299 1329 354 fugato
1518 300 1572 344 21

269 374 470 427 Inducit,
496 384 582 418 nou
604 391 649 417 se
670 377 794 433 peius
820 376 1099 427 cruciaverit,
1130 385 1258 432 atque
1280 377 1378 418 hic-¹

268 454 316 494 Si
336 455 432 510 quis
457 469 572 496 nunc
588 466 797 511 quaerat,
825 471 911 512 quo
939 471 1008 497 res
1032 456 1138 497 haec
1163 456 1392 511 pertinet?
1429 456 1543 500 Illuc
1554 468 1573 500 ⁸.

268 530 387 573 Dum
405 532 543 572 vitant
563 531 687 573 stulti
708 533 836 582 vitia,
866 531 911 572 in
940 532 1152 573 contraria
1176 543 1368 574 currunt.

268 608 520 650 Malchinus
544 610 704 651 tunicis
728 608 926 650 demissis
950 608 1165 650 ambulat:
1196 618 1261 651 est
1279 608 1356 665 qui
1515 608 1572 656 25

269 686 434 739 Inguen
453 683 508 726 ad
528 683 785 726 obscaenum
805 683 1030 726 subductis
1051 699 1188 741 usque
1218 685 1409 728 facetum

268 760 477 804 Pastillos
499 759 686 801 Rufillus
710 759 825 811 olet,
858 760 1098 815 Gorgonius
1125 760 1310 802 hircum.

269 840 348 881 Nil
370 838 560 881 medium
590 848 670 880 est.
726 839 847 890 Sunt,
866 839 943 895 qui
966 838 1109 880 nolint
1130 839 1325 893 tetigisse
1343 837 1430 879 nisi
1452 835 1577 890 illas,

270 1005 426 1054 pianum
459 1005 495 1040 in
519 1005 542 1041 l.
568 1005 724 1050 Rogasti
750 1007 802 1040 11.
829 1009 857 1045 §.
883 1013 913 1041 1.
938 1006 973 1041 ff.
997 1004 1043 1040 de
1068 1005 1165 1040 Reb.
1202 1005 1304 1041 cred.
1340 1006 1403 1042 Al.
1443 1004 1573 1055 exiqt't

269 1066 307 1101 in
332 1076 424 1101 mss.
450 1072 486 1100 et
511 1065 644 1111 priscis
670 1065 919 1109 editionibus,
954 1068 1059 1111 quod
1085 1076 1136 1101 ex
1159 1066 1392 1111 glossemate
1417 1065 1571 1111 irrepsit

274 1126 312 1161 in
336 1132 510 1165 textumz
539 1125 748 1160 Lambinus
772 1126 928 1170 reiecit,
951 1134 987 1160 et
1011 1127 1097 1161 inde
1124 1126 1297 1172 Chabot,
1323 1126 1437 1162 Talb.
1461 1116 1572 1162 Tor-

270 1192 369 1221 rent.
395 1186 497 1220 Dan.
524 1184 654 1221 Heius.
680 1185 824 1227 Ducer.
853 1185 1058 1231 Despoez,
1084 1187 1210 1223 Bentl.
1236 1187 1332 1223 Cun.
1361 1187 1468 1223 Baxt.
1484 1186 1570 1222 San.

269 1245 369 1282 Phil.
402 1245 500 1280 Batt.
532 1245 615 1281 vat.
654 1245 834 1290 Combe,
872 1245 1027 1283 Wakef.
1080 1247 1133 1282 ln
1164 1242 1356 1283 clenni-ios
1386 1251 1574 1282 centenos

267 1315 409 1341 usurae
435 1310 539 1340 recte
566 1305 844 1349 exigebantur,
877 1306 902 1342 1.
929 1306 1044 1341 Lecta
1069 1304 1121 1342 lto.
1157 1317 1212 1352 pr.
1238 1306 1322 1341 eod.
1348 1305 1432 1340 Vid.
1457 1303 1573 1351 epod.

267 1367 300 1400 2.
324 1362 380 1407 69.
439 1368 480 1401 18
513 1365 727 1401 exclamet.
758 1364 945 1409 [Eodem]
993 1368 1037 1400 25
1058 1365 1305 1400 Malchinus
1327 1364 1372 1400 V.
1396 1363 1442 1399 B.
1467 1363 1517 1399 E.
1541 1362 1572 1400 1.

265 1424 328 1461 M.
352 1424 405 1460 N.
430 1424 498 1460 Vr.
522 1425 567 1461 E.
594 1425 642 1461 G.
669 1425 712 1461 Η.
737 1425 764 1460 Ι.
782 1425 901 1471 Vp.C.
920 1425 992 1460 Ch.
1007 1427 1054 1460 A.
1071 1426 1116 1461 B.
1130 1426 1258 1461 Va.A.
1286 1425 1328 1460 C.
1357 1425 1421 1459 Ba.
1439 1422 1571 1460 Β.Αη.

225 1494 227 1496 ·
266 1485 316 1521 Α.
342 1484 386 1521 Β.
411 1483 475 1520 Cr.
501 1484 561 1529 13„
587 1485 646 1520 alii
672 1496 765 1520 mss.
790 1485 889 1531 apud
912 1485 1040 1520 Pulm.
1075 1485 1197 1520 Bentl.
1234 1485 1370 1520 Oberl.
1397 1483 1569 1527 Combe,

267 1545 353 1581 edd.
391 1545 511 1581 Veun.
548 1543 645 1583 1490.
677 1544 774 1583 1492.
799 1545 895 1584 1495.
924 1548 1019 1583 1509.
1043 1547 1140 1583 1573.
1184 1545 1308 1579 Aldus
1333 1547 1428 1579 1501.
1459 1543 1569 1578 Iunta

267 1607 364 1640 1503.
396 1605 554 1649 Argent.
592 1603 689 1641 1514.
728 1605 856 1640 Basili.
881 1607 979 1654 1527.
1003 1607 1101 1640 1531.
1128 1604 1226 1640 Frib.
1252 1603 1348 1640 1536.
1371 1604 1493 1640 Dion.
1520 1603 1570 1640 ab

266 1666 377 1702 Hars.
403 1666 525 1710 Lugd.
549 1668 646 1702 1538.
671 1666 821 1711 Gryph.
846 1665 943 1700 1566.
990 1665 1082 1714 Βρᾱ.
1106 1666 1267 1699 Ascens.
1293 1664 1402 1699 Mur.
1426 1663 1568 1708 Bentl.,

266 1726 333 1773 qni
356 1725 546 1768 defendit,
571 1725 731 1769 Cuning.
757 1724 911 1759 Wakef.
936 1723 996 1758 Al.
1028 1723 1263 1767 Maltinus,
1295 1723 1357 1758 vel
1381 1722 1567 1758 Malchi-

265 1796 367 1829 κω,
392 1795 509 1831 quam
535 1784 740 1820 lectionem
766 1789 969 1829 exponunt
996 1782 1130 1818 Lamb.
1159 1783 1279 1818 Torr.
1317 1782 1467 1828 Gesm,
1490 1782 1567 1828 alii,

265 1857 313 1880 ac
335 1846 366 1880 si
403 1844 584 1880 Horatius
621 1844 710 1880 ficto
745 1845 902 1880 nomine
933 1843 1134 1880 hominem
1169 1842 1356 1887 mollem,
1381 1842 1568 1878 delicatu-

265 1904 347 1940 lum
380 1905 580 1948 designare
614 1905 806 1949 voluerit,
843 1911 956 1950 atque
989 1905 1113 1950 ipsum
1140 1902 1252 1936 etiam
1276 1901 1566 1940 Maecenatem.

267 1964 342 2000 Sed
364 1963 610 2001 Malchinus
634 1967 832 2011 proprium
856 1974 1000 1999 nomen
1023 1962 1241 1998 censendus
1266 1969 1337 2003 est,
1363 1969 1402 1997 ut
1423 1962 1565 2019 Ryfll-

267 2024 331 2060 lus
347 2049 360 2069 ,
398 2031 434 2058 et
470 2023 733 2071 Gorgonius;
769 2035 897 2070 neque
923 2023 1127 2059 verisimile
1154 2029 1244 2069 puto
1270 2032 1359 2057 cum
1384 2021 1504 2059 Torr.
1527 2027 1566 2061 et

268 2082 411 2127 Gesn,
434 2091 587 2129 poetam
613 2085 780 2119 aulicum
803 2084 1024 2119 Maecenati
1049 2094 1120 2119 suo
1135 2110 1147 2128 ,
1174 2090 1236 2118 aut
1258 2083 1452 2128 Agrippae
1476 2081 1564 2117 inu-

265 2143 359 2177 dere
384 2143 567 2182 voluisse,
593 2144 651 2187 (a)
677 2145 718 2181 27
746 2143 984 2192 Garqonius
1007 2141 1055 2179 V.
1081 2142 1133 2177 D.
1157 2142 1224 2178 Vr.
1241 2142 1288 2178 A.
1306 2142 1354 2178 B.
1371 2140 1564 2188 E.H.Vp.

264 2201 320 2238 D.
343 2202 407 2248 E.‚
429 2204 488 2241 alii
513 2214 608 2239 mss.v
631 2204 729 2248 apud
753 2204 881 2239 Bentl.
901 2203 1036 2239 Oberl.
1061 2201 1236 2247 Cornbe;
1262 2201 1428 2237 defendit
1443 2196 1561 2236 Bent-

264 2262 386 2308 leius‚
423 2263 597 2308 sequitur
628 2263 818 2308 Cuning.,
855 2264 960 2310 quod
999 2262 1239 2310 Garyonius
1261 2262 1501 2308 frequentius
1522 2261 1562 2298 in

263 2322 427 2369 antiquis
451 2323 711 2358 marmoribus
735 2324 886 2369 scriptis
910 2330 1101 2359 occurrat.
1147 2323 1220 2358 Sed
1252 2311 1404 2369 praeter
1421 2332 1581 2356 nume--

261 2393 379 2424 rum,
417 2389 454 2417 et
488 2383 754 2418 auctoritatem
792 2384 971 2418 codicum
1003 2388 1257 2425 nostrorum,
1300 2389 1338 2417 et
1378 2381 1559 2425 aliorum,

261 2453 401 2478 versus
431 2434 617 2480 sententia
651 2444 849 2478 adducitur
881 2456 905 2485 a
935 2443 1074 2479 Seneca
1107 2443 1215 2489 epist.
1245 2441 1328 2487 96.,
1363 2442 1427 2477 ubi
1457 2449 1496 2476 et
1520 2441 1560 2477 in

262 2503 399 2547 editis,
433 2511 471 2538 et
499 2504 535 2538 in
568 2504 621 2538 18.
656 2514 748 2539 mss.
773 2504 965 2539 Vaticanis
998 2502 1115 2538 nitide
1146 2502 1313 2538 habetur
1348 2499 1560 2549 Gorqonii.

263 2560 441 2611 Similiter
476 2563 713 2611 Gorqonius
745 2563 832 2597 citat
866 2563 1015 2600 Nestor
1052 2561 1266 2608 Dionysius
1298 2560 1336 2596 in
1369 2560 1496 2595 lexico
1520 2570 1560 2597 v.

219 2611 223 2615 ⁴
261 2619 452 2657 Pastillus,
498 2624 541 2656 28
567 2626 586 2646 ’⁰‘
609 2622 750 2658 nolunt
774 2622 817 2658 V.
841 2623 889 2658 A.
