1708 2938
565 166 703 207 Lurn
716 177 748 206 nv
768 163 805 207 1.
862 166 904 210 5.
1330 160 1392 206 A?

80 290 174 334 Hoc
197 289 287 335 iter
308 282 454 346 ignavi
471 279 721 341 divisimus,
746 287 880 331 altius
903 300 955 329 ae
974 300 1054 331 nos
1080 284 1083 288 ’
1360 280 1390 329 ⁵

80 370 349 413 Praecinctis
374 383 522 412 unum.
548 368 692 410 Nimis
709 377 777 411 est
794 367 939 425 gravis
963 365 1112 425 Appia
1139 363 1304 409 tardis!

78 492 270 541 ponibu33
294 498 430 529 eontra
451 502 570 539 quam
592 492 762 528 sentiunt
778 490 1001 536 Laudinus,
1040 490 1261 539 Cmquius,
1296 489 1390 531 Da-

78 554 208 589 cerius
229 580 241 598 ,
267 553 466 589 Bentleius
480 580 493 598 ‚
518 551 745 597 Gesnerus,
773 544 915 599 aliique
931 564 1011 590 non
1029 553 1160 601 pauci.
1195 544 1389 601 Maliqni

79 621 168 650 sunt
190 613 303 649 invidi
325 614 507 650 homines
521 640 535 658 ,
561 620 599 648 et
615 612 793 654 scelesti3
819 618 861 649 ut
883 612 938 650 u.
970 611 1109 656 od2'16.
1131 606 1193 653 39.4
1209 611 1265 648 40.
1297 611 1389 649 vul-

76 685 158 724 qus
182 671 422 719 mal-ignum.
477 674 626 710 Seneca
654 674 704 715 de
742 674 829 718 Ira,
864 674 894 711 Ι.
927 677 1002 712 ΗΑ
1037 694 1039 697 -
1074 673 1191 724 Quid
1219 673 1394 721 Scipio?

78 735 230 770 Nonne
260 734 404 770 relicto
429 732 665 770 Hannibale
678 760 690 778 ,
715 734 876 771 Punico
895 735 1095 780 exercitu,
1117 732 1394 783 omnibusque,

79 794 221 842 quibus
238 795 503 831 irascendum
535 798 651 839 erat,
681 793 830 830 belham
856 795 901 830 in
928 787 1135 840 Africam
1161 794 1393 840 transtulit,

80 861 169 890 tam
191 854 323 893 lentus
336 882 348 900 ,
370 859 416 892 ut
437 855 669 902 opinionem
690 854 888 891 luxuriae
905 855 1183 903 seqnitiaeque
1193 854 1396 903 maliqnis

82 916 234 951 daret?
278 917 416 954 Amm.
438 915 651 952 Marcellin
674 915 802 951 xxn.
829 917 907 954 12:
938 917 1053 966 Quae
1076 915 1278 952 maximis
1305 925 1398 953 mod

82 975 187 1014 libus
198 975 408 1023 festinari
447 981 659 1013 cernentes
688 975 982 1014 obtrectatores
999 1004 1011 1022 ‚
1034 977 1215 1022 desides,
1239 982 1278 1013 ec
1300 987 1399 1013 ma-

84 1037 203 1087 liqm‘.
1168 1055 1172 1057 >

170 1103 194 1140 6
217 1101 234 1122 ⁹
259 1103 403 1140 Nimis
424 1107 485 1139 est
503 1103 650 1152 φανεὶς
660 1102 714 1138 V.
735 1102 782 1140 Β.
810 1101 875 1139 Μ.
901 1115 921 1139 ι
942 1105 975 1140 2.
999 1113 1051 1140 m.
1076 1102 1129 1140 N.
1152 1101 1220 1139 Vr.
1244 1098 1296 1139 H.
1318 1113 1340 1138 a
1362 1104 1398 1146 2,

82 1175 140 1201 m.
163 1164 211 1200 Κ.
237 1163 311 1211 Vp.
335 1163 400 1209 C.,
423 1164 483 1199 alii
502 1174 597 1199 mss.
616 1163 717 1210 apud
737 1163 901 1200 Landin.
922 1173 960 1200 et
977 1164 1123 1211 Cruq.:
1147 1170 1243 1199 vera
1265 1163 1399 1208 lectio,

84 1235 204 1272 quam
236 1224 445 1271 hucusque
476 1224 738 1269 neglexerunt
766 1215 909 1267 critiei;
948 1232 986 1260 et
1012 1235 1130 1271 quam
1165 1225 1283 1260 etiam
1316 1224 1401 1260 sine

23 1313 25 1315 .
83 1285 267 1320 codicum
289 1285 480 1332 praesidio
503 1295 668 1329 sensus,
693 1291 732 1320 et
750 1279 962 1321 contextus
982 1285 1146 1321 omnino
1174 1283 1402 1331 exigebant,

84 1346 331 1393 provuigata
355 1346 492 1382 minus
513 1350 572 1382 est
589 1346 764 1394 gravis;
788 1347 954 1391 faci!i,et
967 1346 1080 1382 solita
1100 1349 1246 1382 vocum
1263 1345 1403 1381 huius-

85 1406 193 1442 modi
230 1407 528 1453 permutatione.
597 1406 816 1455 Quomodo
853 1407 957 1443 enim
984 1406 1127 1453 poeta,
1165 1406 1231 1454 qui
1271 1405 1402 1453 primo

86 1467 276 1511 ignaviam
306 1477 418 1502 suam
448 1474 634 1514 accusat,
661 1467 823 1530 [sibique
854 1468 1015 1515 imputat
1041 1468 1207 1514 Appiani
1233 1466 1320 1503 Fori
1340 1466 1404 1502 in-

86 1527 298 1564 commoda
313 1553 326 1571 ,
350 1538 452 1575 quae
475 1534 611 1574 postea
627 1528 862 1573 detestatur,
897 1529 1000 1564 viam
1029 1529 1156 1574 ipsam
1174 1554 1186 1571 ,
1220 1535 1292 1562 seu
1322 1531 1405 1563 tra-

86 1593 193 1634 etum
214 1587 264 1622 ab
282 1587 379 1622 urbe
398 1588 529 1622 Aricia
547 1588 594 1622 ad
622 1587 797 1623 Anxuris
818 1589 916 1630 (non
940 1587 1070 1623 Roma
1090 1587 1136 1623 ad
1159 1587 1304 1623 Forum
1318 1587 1406 1634 Ap-

88 1647 166 1695 pii,
184 1652 231 1682 ut
254 1646 389 1684 scribit
413 1649 573 1693 Acron,
596 1647 695 1684 Bad.
725 1649 907 1694 Ascens„
929 1648 1089 1695 aliique)
1115 1648 1243 1684 laudet
1266 1652 1308 1683 ut
1328 1646 1407 1683 mi-

88 1718 163 1743 nus
175 1717 338 1752 gravem
357 1707 602 1753 viatoribus5
627 1718 749 1754 quum
764 1709 892 1755 potius
907 1708 1037 1744 laudet
1050 1709 1123 1743 alte
1144 1703 1410 1755 praecinctos,

89 1771 162 1804 seu
191 1766 483 1814 expeditiores,
524 1767 590 1814 qui
628 1767 701 1803 sibi
732 1767 950 1813 cavebant,
985 1779 1064 1804 uno
1096 1769 1231 1805 itinere
1257 1778 1406 1817 prope-

89 1829 249 1865 rantes?
294 1826 390 1863 Non
422 1827 531 1874 quod
561 1827 611 1863 ibi
639 1828 860 1875 frequentia
895 1836 1028 1866 essent
1064 1828 1305 1875 diversoria,
1339 1828 1408 1866 ubi

90 1894 252 1938 possent
274 1888 446 1924 viatores
474 1898 633 1924 manere
653 1879 1209 1937 quocumquepenienirent,
1231 1896 1274 1926 ut
1291 1900 1407 1928 som-

91 1950 196 1985 niant
222 1949 379 1993 Acron,
410 1955 449 1984 et
479 1950 538 1985 alii
569 1949 834 1995 Scholiastae,
869 1950 1089 1996 Landinus,
1119 1951 1215 1987 Bad.
1237 1952 1408 1988 Ascens-

92 2009 243 2046 Dacer.
263 2009 399 2045 Sanad.
425 2009 533 2047 Cam.
556 2010 759 2056 Peregrin.
785 2011 822 2046 in
835 2012 994 2063 KAppar.
1013 2011 1060 2048 ad
1081 2012 1211 2058 Antiq.
1229 2011 1406 2058 Capuan.

92 2071 189 2106 dise.
207 2072 238 2105 2.
261 2081 299 2106 c.
316 2071 376 2107 35.
407 2071 445 2106 in
471 2070 573 2115 fine3
609 2072 701 2118 quia
734 2082 864 2117 neque
891 2083 1031 2107 eorum
1062 2072 1317 2119 praeconium
1347 2073 1410 2108 in-

93 2130 254 2167 texendi
275 2130 344 2166 hie
365 2131 480 2168 locus
499 2138 602 2177 erat3
627 2143 756 2179 neque
776 2132 824 2167 de
845 2132 890 2169 iis
913 2133 1086 2177 cogitare
1111 2133 1271 2179 quidem
1293 2137 1409 2178 pote-

95 2197 154 2227 rat
180 2191 390 2236 Horatius,
415 2202 538 2238 quum
558 2192 611 2229 ibi
631 2203 710 2229 non
729 2199 883 2230 essent:
907 2203 988 2229 non
1014 2193 1123 2240 quod
1153 2193 1274 2229 biduo
1302 2191 1410 2229 mol-

94 2252 170 2290 lius
197 2253 270 2289 iter
298 2251 409 2288 fieret
437 2253 675 2299 delicatuiis,
710 2253 776 2301 qui
796 2253 899 2290 lente
920 2254 958 2291 in
981 2264 1102 2290 curru
1127 2254 1409 2302 procederent,
1449 2251 1454 2260 '

96 2323 146 2348 ne
177 2312 350 2349 silicibus
383 2314 697 2360 exagitarentur,
731 2313 890 2362 quibua.
905 2315 968 2351 via
1005 2320 1144 2360 strata;
1178 2315 1276 2351 nam'
1300 2314 1409 2350 silice

98 2373 269 2422 primum
294 2374 395 2410 haec
413 2375 474 2410 via
498 2380 617 2412 strata
637 2374 686 2412 ab
707 2375 1016 2422 Imperatoribus
1034 2375 1187 2420 Nerva,
1212 2381 1253 2411 et
1267 2375 1411 2411 Traia-

98 2443 151 2469 no
177 2434 317 2479 legitur
332 2435 369 2470 in
390 2435 584 2471 columnis
602 2436 832 2472 milliaribus
854 2435 905 2473 ibi
925 2436 1104 2484 repertis,
1122 2435 1222 2483 apud
1239 2435 1410 2472 Fabrett.

99 2493 148 2530 de
172 2495 260 2531 Coi.
282 2495 388 2532 Trai.
409 2507 448 2543 p.
470 2498 574 2543 291.;
599 2502 636 2532 et
655 2496 737 2533 aliis
753 2524 764 2542 ,
789 2506 887 2544 quas
913 2497 1017 2542 vidi,
1051 2503 1090 2532 et
1113 2508 1211 2544 quas
1235 2497 1411 2532 referunt

103 2553 266 2602 Chaupy
292 2555 481 2593 Deeouv.
502 2557 550 2593 de
569 2557 602 2594 la
626 2559 741 2594 mais.
764 2557 811 2593 de
846 2567 975 2605 camp.
997 2557 1134 2596 d’Hor.
1159 2564 1184 2593 t.
1206 2559 1241 2593 3,
1263 2569 1300 2604 p.
1327 2558 1410 2595 391.

103 2614 259 2653 Nicolai
284 2616 343 2653 de’
373 2616 505 2658 Bonis,
528 2618 630 2655 delle
660 2623 763 2655 terre
799 2617 993 2664 Fontine,
1017 2619 1041 2656 1.
1063 2623 1097 2656 1.
1118 2627 1153 2657 c.
1178 2620 1254 2659 19.:
1278 2617 1410 2663 glarea

150 2811 177 2842 Χ
