1708 2938
608 203 793 243 Llezn
822 202 855 242 1.
915 186 996 247 10..
1327 231 1329 233 -
1400 201 1454 243 83

137 327 318 381 Magnas
343 325 608 367 Graecorum
633 322 760 367 malis
790 324 978 382 implere
1001 334 1207 392 caterv'as.
1398 326 1452 369 35

134 402 350 459 Tur-gidus
376 403 568 460 Alpinus
591 403 757 459 iugulat
778 403 882 446 dum
901 404 1162 456 Memnona,
1191 403 1383 460 dumque

132 481 328 536 Defingit
349 471 498 522 Rheni
525 479 691 522 luteum
718 491 877 538 caput;
906 481 1015 524 haec
1040 497 1119 538 ego
1147 479 1281 533 ludo,

134 560 255 620 Quae
278 573 423 615 neque
452 559 497 599 in
518 556 629 599 aede
655 569 810 601 sonent
831 560 1068 612 certantia,
1112 558 1263 602 iudice
1284 561 1452 616 Tarpa3

134 638 176 678 N
180 652 231 680 ec
262 638 444 680 redeant
467 638 644 690 iterum,
676 649 809 695 atque
828 640 988 682 iterum
1008 637 1244 696 spectanda
1255 638 1455 680 theatris.

132 717 304 771 Arguta
327 716 559 758 meretrice
587 726 738 773 poteS,
767 717 982 772 Davoque
1010 717 1240 758 Chremeta
1400 713 1457 757 40

136 793 356 835 Eludente
384 809 559 844 senem,
588 793 722 834 comis
748 793 920 848 garrire
939 793 1122 836 libellos

136 873 258 913 Unus
285 872 504 922 vivorum,
532 870 756 921 Fundani:
785 870 1111 927 Pollio'regum

135 949 270 989 Facta
296 948 436 998 canit,
464 947 579 1005 pede
604 958 673 989 ter
695 962 925 1004 percusso:
954 949 1072 991 forte
1094 963 1199 1005 epos
1219 962 1346 1000 acer,

135 1025 195 1065 Ut
217 1039 369 1074 nemo,
397 1024 555 1066 Varius
586 1022 730 1066 ducit:
761 1023 930 1077 molle,
958 1034 1091 1082 atque
1117 1026 1308 1070 facetum
1355 1054 1358 1057 -

138 1100 329 1156 Virgilio
355 1112 603 1144 annuerunt
627 1100 866 1157 gaudentes
891 1105 995 1144 rure
1020 1103 1245 1145 Camenae.
1275 1085 1279 1089 ὓ
1400 1098 1457 1148 45

135 1180 228 1219 Hoc
250 1187 368 1229 erat,
396 1188 579 1235 experto
603 1179 764 1220 frustra
788 1179 982 1221 Varrone
1005 1179 1218 1230 Atacino,

222 1324 266 1358 35
292 1322 523 1358 Graiorum
545 1323 631 1358 San.
680 1325 722 1358 37
748 1322 942 1372 Definyit
959 1323 1005 1359 V.
1031 1323 1083 1361 D.
1105 1323 1155 1359 E.
1170 1322 1234 1373 M.
1253 1323 1322 1359 Vs.
1339 1322 1386 1359 B.
1403 1323 1455 1361 G.

134 1384 163 1419 1.
188 1395 209 1419 a
230 1385 262 1418 2.
293 1394 345 1418 m.
375 1382 444 1429 Vp.
477 1387 523 1417 A.
551 1383 585 1418 F.
618 1383 694 1419 Ch.
715 1383 762 1419 B.
781 1395 801 1418 a
833 1387 866 1419 2.
887 1395 942 1420 m.
963 1386 1039 1421 An.
1069 1387 1118 1420 A.
1142 1396 1163 1419 a
1180 1387 1214 1419 2.
1239 1395 1294 1419 m.
1315 1384 1385 1421 Va.
1403 1386 1453 1419 A·

141 1443 204 1487 C.,
228 1443 396 1490 Porph„
421 1443 509 1478 edit.
538 1443 671 1478 Prino.
699 1443 813 1479 Med.
831 1441 936 1490 14ῖὸ.
963 1445 1076 1480 Venn
1114 1442 1213 1484 1479.
1238 1442 1454 1483 1481.1483.

139 1502 238 1542 1490.
272 1503 369 1541 1392.
406 1500 504 1543 1495.
539 1503 665 1538 Aldus
700 1508 798 1540 1501.
823 1507 922 1543 1519.
947 1505 1076 1541 Rasin.
1101 1505 1200 1542 1527.
1229 1507 1327 1540 1531.
1352 1505 1456 1541 Frib.

137 1566 239 1600 1556.
266 1564 386 1600 Dion.
422 1563 471 1598 ab
506 1563 651 1599 Harsio
686 1566 785 1599 1538.
823 1564 979 1610 Gryph.
1013 1563 1110 1599 1566.
1148 1564 1286 1600 Lamb.
1326 1565 1456 1612 C'ruq.

137 1623 266 1659 Bentl.
301 1624 399 1659 Cnn.
430 1624 543 1658 Baxt.
579 1624 668 1659 San.
701 1623 825 1659 Gesn.
856 1623 959 1660 Phil.
987 1623 1071 1659 Val.
1103 1623 1245 1660 Oberl.
1282 1618 1454 1670 Combe,

135 1684 191 1719 W
197 1683 299 1720 akef.
326 1684 388 1718 Al.
414 1682 624 1732 Disfitzqit
638 1709 651 1727 ,
673 1683 863 1732 Defiqit,
888 1684 1088 1733 Depinqit
1104 1684 1142 1719 in
1161 1695 1256 1721 mss.
1273 1692 1312 1720 et
1328 1686 1455 1723 editis.

141 1744 215 1779 Sed
247 1743 447 1791 definqic,
483 1743 655 1786 ironice,
686 1743 723 1777 in
760 1750 940 1788 poemate
975 1744 1143 1791 Alpinus
1167 1750 1283 1791 caput
1306 1745 1457 1796 luteum

138 1805 306 1840 fluminis
345 1803 475 1838 Rheni
507 1802 790 1849 personificati3
825 1804 1007 1839 translate
1034 1805 1363 1851 asculptoribus,
1389 1805 1457 1852 qul

141 1872 250 1900 creta
277 1863 491 1912 defingunt
504 1891 516 1908 ,
530 1865 726 1912 stnqunt,
750 1873 819 1897 seu
834 1862 1035 1908 formant
1055 1864 1162 1910 prius
1183 1876 1330 1911 opera,
1355 1876 1458 1912 quae

135 1933 273 1973 postea
309 1936 400 1959 aere
430 1926 616 1967 fundunt,
654 1925 717 1958 vel
743 1935 943 1959 marmore
968 1925 1163 1971 sculpunt.
1211 1924 1457 1972 Exemplum

136 1986 270 2021 videas
290 1987 330 2019 in
350 1985 567 2031 anaglypho
600 1984 723 2019 Villae
745 1985 922 2019 Albanae
943 1985 1041 2030 apud
1068 1984 1203 2020 Wink.
1233 1983 1353 2020 Mon.
1378 1990 1459 2022 ant.

138 2045 232 2092 186,
263 2043 402 2081 storia*
422 2052 496 2081 etc.
528 2051 553 2082 t.
586 2047 618 2080 2.
648 2057 686 2091 p.
709 2048 744 2078 5.
775 2044 920 2079 Marini
942 2045 1066 2080 Inscr.
1092 2045 1182 2080 Alb.
1204 2057 1239 2091 p.
1255 2047 1313 2084 96.
1336 2044 1460 2082 Plura

138 2108 187 2142 de
212 2106 334 2142 verbo
359 2104 544 2154 Definqo
562 2104 648 2140 dedi
669 2105 706 2140 in
734 2103 1093 2141 observationibus
1121 2105 1168 2141 ad
1198 2105 1306 2150 Virg.
1339 2117 1378 2152 p.
1399 2107 1457 2142 87.

226 2190 268 2224 38
292 2199 396 2236 quae
415 2199 541 2236 neque
559 2186 606 2222 V.
627 2187 672 2223 C.
692 2186 744 2222 E.
769 2185 822 2221 G.
846 2186 918 2221 Vr.
940 2185 986 2221 Β.
1018 2185 1048 2221 1.
1073 2184 1146 2231 Vp.
1164 2186 1213 2220 A.
1237 2185 1311 2220 Ch.
1333 2184 1458 2228 AB„

140 2249 201 2286 alii
222 2259 316 2285 mSS.
338 2249 438 2295 apud
462 2248 584 2287 Bentl.
611 2247 749 2284 Oberl.
773 2245 952 2289 Combe,
977 2246 1063 2281 edd.
1083 2246 1207 2280 Venn.
1227 2241 1327 2283 1479.
1360 2239 1458 2281 1481.

140 2310 240 2347 1483.
265 2309 365 2350 1490.
391 2306 489 2348 1495.
518 2307 618 2343 1514.
643 2307 748 2344 Flor.
776 2305 871 2343 1482.
897 2306 991 2342 ssad.
1024 2309 1191 2341 Ascens.
1227 2305 1379 2350 Bentl.‚
1408 2304 1458 2340 ab

139 2382 189 2406 eo
216 2371 314 2407 Cun.
341 2371 427 2406 San.
458 2369 542 2405 val.
563 2369 611 2403 Al
644 2366 752 2417 'quae
781 2371 886 2411 nec‚'
903 2367 1048 2403 durius.
1093 2370 1137 2401 38
1160 2367 1205 2403 in
1229 2366 1342 2402 aede.
1366 2366 1457 2401 Vid.

141 2430 275 2467 Carm.
300 2442 382 2467 sec.
401 2431 457 2466 65.
511 2430 557 2467 39
579 2434 778 2475 spectata.
831 2426 873 2463 41
898 2439 1040 2464 comes.
1094 2426 1137 2463 44
1167 2427 1213 2462 V
1210 2428 1327 2462 arius
1350 2427 1459 2461 diem

142 2491 266 2528 molle
281 2492 326 2527 V.
349 2492 403 2528 G.
423 2489 490 2526 V'r.
511 2490 563 2524 D.
581 2490 648 2533 G„
673 2490 732 2525 alii
751 2499 844 2524 mss.
863 2489 962 2534 apud
983 2487 1110 2523 Turn.
1128 2487 1460 2523 Advers.XVIll.

141 2554 198 2588 11.
224 2552 346 2587 ductu
378 2550 500 2587 molle
530 2550 600 2601 Vr.
636 2551 683 2584 C.
699 2577 711 2594 ,
744 2551 803 2585 alii
825 2559 920 2585 mss.
940 2549 1038 2595 apud
1064 2549 1186 2594 Crnq.
1216 2546 1397 2591 Combe,
1421 2553 1460 2581 et

142 2612 192 2648 ita
218 2611 316 2648 Cun.
345 2611 504 2647 Varius
534 2610 635 2646 dicit
661 2611 735 2658 Vp.
762 2613 813 2646 A.
844 2610 908 2655 C.,
934 2610 992 2646 alil
1011 2621 1106 2645 mss·
1125 2609 1224 2656 apud
1243 2607 1372 2644 Pulm.
1416 2607 1462 2642 4⁵

146 2672 388 2717 annuerint,
412 2677 658 2708 annuerant.
1438 2671 1442 2675 ’
