1708 2938
213 163 269 206 35
470 179 474 183 ,
662 160 1069 195 ΛΝΝοτΛτισΝΕε

208 282 348 307 memor
368 269 441 308 Fen
455 278 507 309 est
523 272 719 321 palmariae
734 271 887 318 Bentleji
909 272 1178 318 emendationis,
1204 282 1278 322 qua
1293 275 1404 312 oblitos
1422 273 1509 322 legit
1544 284 1546 289 ·

205 349 278 384 pro
308 338 461 382 mollitus,
494 342 537 371 ut
570 346 639 370 vox
663 333 846 370 referatur
871 335 916 370 ad
941 342 1102 381 oratores
1136 341 1171 371 et
1203 333 1381 379 inlinitum
1408 341 1511 375 inter..

205 407 360 450 minen„
403 398 580 437 sententia
616 398 805 446 praeclara
818 424 828 444 ,
879 409 962 434 cum
994 405 1135 433 servata
1150 436 1153 441 ¹
1170 397 1310 445 vulgari
1333 398 1512 446 scriptura

205 470 346 513 oblitus,
377 476 524 514 quoquo
548 470 584 499 te
609 467 742 509 vertas,
779 465 836 500 vel
860 470 1045 500 oratorem
1069 453 1238 511 fingendo
1273 463 1511 512 eum-ipsum,

138 556 150 563 -
204 543 312 580 quern
336 532 394 567 hic
417 532 504 566 Hor.
531 529 783 578 reprehendit,
810 522 871 564 ¹vel
897 533 999 567 latine
1021 541 1090 576 pro
1114 531 1231 566 Latini
1264 526 1427 574 legendo,
1465 539 1515 562 se-

201 595 361 631 cundum
385 590 523 642 aliquo't
547 593 669 638 libros,
697 604 780 629 cum
798 593 923 628 Lamb.
950 592 1060 640 Cruq.
1081 592 1171 627 Cun.
1197 592 1279 627 San.
1307 590 1391 635 Fea,
1416 592 1515 626 lusca

199 656 291 692 haec
315 655 385 691 sint
409 662 445 690 et
469 656 571 691 dura.
607 656 670 691 Vel
691 655 784 691 forte
809 655 986 703 scripturn
1010 658 1128 692 oblitus
1151 664 1220 700 pro
1243 655 1367 699 oblitos,
1392 665 1511 701 quem-

201 717 395 753 admodum
427 729 449 754 o
478 724 575 753 ‘et--u
607 718 748 754 litterae
784 718 984 766 permutari
1015 717 1112 752 inter
1146 727 1182 750 se
1210 715 1326 749 solent
1349 714 1388 749 in
1411 714 1510 759 Mass,

200 779 256 813 vel
280 780 404 816 nescio
430 780 510 828 quis
536 780 719 827 librarius,
758 780 1067 817 constructionem
1090 777 1287 813 verborum
1317 778 1427 825 paulo
1458 777 1509 812 in-
1576 787 1578 789 ·

199 840 434 877 solentiorem
474 843 651 890 miratus,
688 855 779 893 quae
815 856 888 879 non
923 848 1092 891 caperet,
1129 839 1341 876 immutavit.
1403 840 1512 887 Quid-

197 903 285 954 quid
310 910 374 952 est,
412 906 501 943 ferri
527 920 600 944 non
624 915 742 957 potest
767 913 894 946 oblitus.
943 908 1061 943 Verba
1097 909 1143 943 At
1167 918 1268 942 sermo
1296 922 1344 929 --
1375 906 1512 941 Falerni

198 978 245 1006 est
282 968 355 1004 ficti
391 969 663 1006 interlocutoris
688 970 859 1007 Horatius
883 971 1092 1019 improbans
1116 981 1246 1017 graeca
1276 967 1399 1014 lingua
1427 979 1510 1003 cum

197 1032 404 1084 oratoribus
429 1037 507 1068 tum
529 1031 645 1079 poetis
670 1031 807 1068 Latinis
834 1033 1087 1069 abstinendum
1123 1044 1197 1068 esse
1221 1036 1366 1074 monet,
1402 1029 1510 1065 etiam

195 1106 260 1130 suo
284 1084 396 1142 ipsius
423 1095 587 1142 exemplo
612 1096 826 1142 proposito,
863 1096 926 1145 qui
950 1095 1142 1145 aliquando
1166 1105 1296 1143 graece
1321 1093 1365 1128 sit
1384 1097 1506 1141 poeta·

198 1163 266 1192 tus.
317 1157 491 1192 Ceterum
517 1160 672 1195 Petillius
694 1169 764 1206 pro
788 1157 915 1206 quovis
939 1158 992 1194 rei
1017 1156 1180 1206 capitalis
1210 1167 1276 1192 reo
1299 1155 1415 1192 dictus
1439 1163 1505 1202 est,

194 1226 235 1254 ut
258 1218 388 1254 Pedius
412 1218 596 1255 Publicola
625 1226 661 1255 et
684 1222 839 1256 Messala
871 1234 941 1270 pro
965 1222 1102 1270 magnis
1138 1218 1343 1257 oratoribus
1377 1219 1416 1255 in
1451 1231 1508 1267 ge-

200 1294 302 1318 nere.
350 1282 398 1317 Et
422 1282 466 1317 de
490 1278 629 1317 Petillio
655 1283 803 1330 quidem
825 1282 907 1318 vide
931 1284 977 1319 ad
1000 1293 1035 1329 4,
1063 1292 1117 1328 94.
1166 1282 1274 1329 Quod
1309 1283 1355 1318 ad
1389 1290 1506 1319 orato-

195 1355 256 1380 res
278 1341 358 1379 illos
383 1342 523 1388 attinet,
549 1343 670 1379 Schol.
697 1344 830 1393 Cruq.:
880 1346 1114 1391 „Fuerunt‚“
1138 1344 1280 1391 inquit,
1316 1346 1381 1391 „hi
1406 1347 1501 1391 duo,

195 1407 327 1443 Pedius
350 1406 536 1442 Publicola
560 1411 596 1440 et
619 1405 774 1442 Messala
797 1407 989 1452 Corvinus,
1027 1413 1189 1441 oratores
1223 1405 1361 1444 Romae
1399 1408 1502 1444 valde

192 1471 393 1519 insignes.“
443 1469 513 1506 Sed
539 1470 705 1518 quisnam
739 1469 798 1504 ille
822 1467 1121 1513 Pediursuerit,
1165 1469 1369 1506 dubitatur:
1418 1483 1503 1506 nam

191 1537 241 1583 ρ.
278 1535 422 1578 Pedius,
457 1532 512 1567 de
537 1545 609 1581 quo
651 1533 724 1568 vid.
760 1534 859 1569 Clav.
896 1533 971 1569 Cic.
988 1559 998 1578 ‚
1046 1532 1131 1579 qui,
1179 1532 1291 1569 Pansa
1328 1540 1363 1568 et
1385 1533 1503 1570 Hirtio

193 1594 366 1641 mortuis,
405 1595 539 1631 Consul
574 1595 643 1631 suit
676 1608 758 1632 cum
781 1599 941 1645 Augusto
966 1598 1085 1639 (Auet.
1125 1597 1170 1632 de
1196 1597 1301 1632 Caus.
1339 1602 1501 1643 corrupt.

190 1660 284 1707 eloq.
312 1663 400 1703 17.)‚
437 1660 509 1704 jam
531 1671 650 1706 puero
674 1660 825 1696 Horatio
849 1661 946 1696 diem
970 1660 1071 1696 obiit.
1097 1660 1140 1695 U.
1161 1662 1201 1698 C.
1226 1669 1295 1705 710
1315 1658 1498 1700 (Freinsh.

198 1722 325 1769 Suppl.
350 1719 428 1755 Liv.
458 1731 536 1766 120,
562 1727 651 1766 25),
689 1726 731 1757 ut
755 1724 829 1768 ejus
853 1722 1036 1758 orationes
1060 1735 1134 1758 non
1158 1722 1227 1758 nisi
1252 1715 1401 1769 scrifitas
1421 1728 1502 1770 cog-

194 1795 345 1820 noscere
361 1783 420 1818 hic
437 1783 612 1831 potuerit,
639 1784 731 1820 sieut
756 1784 851 1820 infra
875 1793 932 1829 41.
979 1784 1161 1820 Fundanii
1181 1784 1330 1820 libellos.
1378 1783 1439 1820 Sic
1453 1792 1502 1820 ta-

191 1859 276 1883 men
299 1846 504 1894 intelligere
528 1847 626 1883 hune
648 1847 769 1883 locum
794 1849 906 1893 malo,
940 1855 981 1884 ut
1006 1855 1041 1884 et
1064 1849 1199 1896 prioris
1224 1847 1302 1883 aevi
1341 1854 1377 1882 et
1413 1861 1497 1884 suae

190 1909 386 1946 memoriae
410 1915 574 1944 oratores
588 1908 649 1944 *ita
675 1909 787 1957 egisse
811 1909 943 1945 Noster
967 1911 1082 1956 dicat,
1109 1922 1217 1959 quam
1239 1909 1399 1956 cogitare
1415 1924 1498 1947 cum

188 1973 402 2021 quibusdam
434 1973 479 2008 de
510 1970 585 2007 filio
623 1972 667 2019 Q.
703 1972 806 2008 Pedii
842 1985 993 2021 prorsus
1027 1974 1225 2021 incognito.
1291 1977 1497 2013 Publicolam

188 2035 364 2071 Messalae
389 2033 540 2070 fratrem
564 2036 721 2082 appellat
743 2025 864 2070 Schol.
893 2037 1004 2085 Cruq.
1041 2036 1086 2072 ad
1112 2044 1130 2077 8
1136 2047 1176 2083 53
1225 2049 1332 2085 quem
1368 2039 1497 2074 intelli-

188 2110 314 2147 gamus
337 2099 434 2145 licet,
461 2098 622 2147 quamvis
647 2098 691 2133 de
715 2097 852 2133 virtute
879 2100 953 2143 ejus
975 2098 1135 2134 oratoria
1152 2108 1408 2148 praeterquam
1426 2103 1496 2138 hoc

189 2161 272 2197 loco
303 2161 393 2196 nihil
427 2162 569 2208 legatur
603 2159 699 2207 apud
734 2166 911 2195 auctores.
974 2159 1033 2194 De
1067 2159 1119 2194 M.
1154 2162 1296 2199 Valerio
1334 2165 1503 2210 Cor-virgo-

188 2222 342 2258 Messala
366 2222 463 2257 vidd.
488 2224 632 2257 Ernest.
657 2222 697 2256 in
721 2222 819 2257 Clav.
847 2221 936 2267 Cic„
969 2221 1119 2268 Quintil.
1156 2233 1208 2269 10,
1239 2234 1269 2271 1,
1307 2220 1491 2276 Spalding,

190 2285 236 2320 ad
251 2283 423 2331 Quinctil.
446 2294 478 2330 1,
496 2293 527 2330 5,
549 2292 604 2329 15.
629 2283 662 2319 J.
677 2284 719 2319 H.
744 2284 842 2318 Voss.
869 2284 913 2318 ad
937 2283 1033 2331 Vix-g.
1059 2285 1124 2319 ecl.
1152 2291 1184 2330 6,
1201 2297 1256 2334 74.
1307 2295 1492 2337 Canusium,

188 2347 364 2396 oppidum
387 2347 535 2396 Apuliae
559 2345 726 2381 Dauniae
751 2347 797 2380 ad
820 2345 997 2391 Aufidum,
1030 2358 1103 2382 non
1128 2350 1235 2398 longe
1274 2366 1295 2388 a
1325 2354 1416 2390 mari
1451 2355 1493 2390 si-

186 2416 277 2454 tum,
313 2409 541 2445 Graecorum
564 2407 718 2452 colonia,
759 2418 914 2454 quorum
937 2409 1059 2456 ling-ua
1081 2410 1131 2444 ibi
1156 2425 1238 2448 cum
1261 2416 1403 2462 Latina,
1429 2429 1491 2453 seu

178 2472 309 2519 =potius
335 2472 441 2519 Osca,
482 2471 591 2507 mixta
615 2476 705 2514 erat,
741 2476 783 2504 ut
816 2470 893 2504 fere
917 2469 1050 2505 factum
1083 2471 1121 2506 in
1155 2475 1288 2523 Mag-na
1323 2480 1487 2516 Graecia,

183 2533 322 2580 Festus„
348 2534 461 2570 simile
473 2534 565 2570 illud
577 2526 756 2580 explicans
767 2524 878 2566 Ennii
894 2536 1050 2578 bilingues
1062 2535 1226 2584 Brutates,
1252 2543 1420 2589 „quodf‘
1437 2543 1508 2578 in--

182 2596 275 2644 quit,
301 2598 463 2643 „Bruttii
477 2604 512 2633 et
526 2597 617 2633 osce
631 2602 666 2632 et
675 2596 816 2633 Graece
827 2595 928 2643 loqui
941 2595 1035 2631 soliti
1045 2596 1158 2632 sint.‘⁶
1181 2601 1373 2655 Διλογίαν
1386 2607 1489 2642 verbi
