1708 2938
235 122 287 190 12
502 139 547 160 ·’
604 135 608 140 “
683 143 1093 176 ANNo‘rsTroNEs

229 265 381 303 eamque
410 254 529 304 potius
554 255 661 303 quam
685 255 899 290 alterutram
924 266 968 289 ex
990 254 1238 302 superioribus
1263 265 1455 305 sequerer,
1491 259 1534 288 ut

233 318 353 354 minus
373 317 583 362 violentam,
610 317 637 352 si
664 319 683 351 ὲ
707 316 824 351 tribus
842 328 953 352 unam
968 311 1070 364 sequi
1087 319 1232 351 necesse
1253 315 1448 361 haberem3
1474 316 1537 350 sed

230 389 293 418 aut
319 394 386 430 ego
423 381 527 417 valde
562 380 690 425 sanor,
725 386 787 415 aut
821 380 883 415 ille
916 391 1062 428 quoque
1100 391 1179 415 eam
1211 378 1323 426 magis
1351 379 1535 426 probabit,

232 457 340 493 quam
365 446 538 489 afferam3
573 454 665 489 quae
700 442 787 476 mihi
812 442 850 476 in
876 454 958 478 meo
982 442 1247 490 typographeio
1278 441 1380 476 inter
1409 452 1538 489 operas

230 506 413 550 versanti,
465 505 550 541 dum
592 504 681 540 haec
724 503 835 539 editio
872 505 1114 540 excuderetur
1129 531 1139 550 ,
1194 503 1232 539 in
1276 510 1434 539 mentem
1481 517 1538 541 ve-

230 568 296 604 nit.
345 569 440 604 Dico
465 569 573 614 enim,
599 567 790 605 Horatium
803 567 918 604 verbo
928 572 1104 617 pervidere
1122 581 1222 604 suam
1241 567 1538 616 significationem

204 647 208 652 ·
229 632 433 680 reliquisse,
468 631 530 667 sed
554 643 614 667 eos
639 630 911 679 reprehendere
935 631 1104 677 voluisse,
1132 631 1194 679 qui
1214 643 1326 679 quum
1349 642 1386 665 se
1406 630 1444 665 in
1463 642 1538 666 cer-

229 695 357 731 nendis
382 696 454 731 suis
478 695 641 743 ipsorum
665 694 761 731 vitiis
793 707 930 731 summa
961 695 1185 744 perspicacia
1214 693 1270 730 uti
1305 693 1538 738 simularent,

232 758 362 793 contra
386 757 431 792 ad
456 769 498 794 ea
522 758 773 804 conniverent,
800 765 836 794 et
853 771 923 807 pro
939 759 1207 808 perspicacibus
1223 766 1259 793 et
1277 756 1433 805 Lynceis
1455 761 1540 793 ocu-

231 819 276 855 lis
291 846 301 865 ,
336 820 466 868 quibus
489 821 687 858 utebantur
710 821 749 857 in
773 816 1014 870 adspiciendis
1038 821 1326 867 aliorumvitiis,
1364 820 1481 869 lippos
1505 827 1542 855 et

233 882 402 918 inunctos
427 884 552 918 oculos
576 883 759 918 afferrent.
811 884 854 931 Q.
880 885 936 921 d.:
982 885 1104 934 Quum
1127 893 1169 922 tu
1202 886 1247 922 ad
1278 880 1541 933 pervidendum

216 945 371 981 'scilicet
395 953 458 982 tua
476 946 564 982 vitia
581 947 706 982 oculos
725 946 842 995 lippos
861 954 899 999 et¹
914 948 1081 985 inunctos
1098 951 1236 987 afferas.
1251 970 1297 977 —
1321 950 1398 994 Vel,
1418 949 1540 996 Quum

233 1009 450 1045 connivente
476 1010 629 1059 quadam
654 1010 878 1058 perspicacia
902 1012 1016 1047 utaris
1041 1012 1078 1048 in
1115 1013 1304 1050 cernendis
1328 1012 1399 1049 tuis
1433 1011 1540 1047 vitiis.

232 1074 314 1118 Vel,
350 1073 472 1120 Quum
496 1081 549 1120 tu,
576 1074 637 1123 qui
662 1075 851 1123 perspicax
875 1074 913 1109 in
936 1074 1032 1110 vitiis
1057 1075 1128 1111 tuis
1151 1076 1268 1112 videri
1293 1076 1415 1124 cupis,
1441 1082 1542 1111 tanta

233 1134 470 1185 perspicacia
491 1138 631 1184 utaris,
678 1144 813 1187 quanta
847 1139 1038 1175 oculorum
1073 1138 1257 1186 lipporum
1298 1150 1373 1173 esse
1408 1144 1538 1186 potest.

233 1201 389 1238 Perinde
416 1203 511 1238 enim
538 1203 637 1251 loqui
663 1215 745 1238 eum
768 1209 859 1249 puto
884 1202 954 1239 acsi
980 1203 1058 1250 quis
1082 1202 1242 1238 diceres:
1292 1202 1361 1246 Tu,
1387 1199 1449 1250 qui
1466 1208 1540 1237 tam

232 1266 381 1301 sortiter
401 1267 572 1314 plumbeo
599 1266 717 1314 gladio
742 1267 862 1302 hostes
886 1274 970 1302 tuos
993 1267 1155 1312 invadis3
1190 1267 1260 1310 vel,
1286 1264 1447 1300 hostibus
1472 1265 1542 1300 mis

233 1329 380 1366 resistis.
428 1333 521 1376 Aut,
564 1331 635 1379 Qui
671 1337 744 1366 tam
770 1330 942 1366 celeriter
965 1329 1176 1377 podagrosis
1206 1327 1358 1375 pedibus
1392 1327 1540 1364 incedis.

237 1393 365 1444 Quale‘
389 1394 480 1430 illud
505 1395 669 1430 Maronis
703 1399 761 1432 illa
791 1398 930 1440 gradum
964 1397 1069 1431 studio
1094 1396 1257 1440 cele-rabat¹
1277 1392 1399 1431 anili,“
1422 1409 1469 1416 —-
1492 1391 1541 1425 Et

236 1455 322 1491 ibid.
347 1468 382 1503 p.
412 1458 514 1494 106.:
564 1457 741 1502 „Dicitur
766 1457 861 1492 enim
887 1463 947 1498 (ut
972 1457 1127 1504 opinor)
1149 1460 1251 1503 lippus
1272 1456 1443 1509 pervidere
1466 1467 1543 1490 ocu-

235 1522 278 1555 lis
301 1521 447 1555 inunctis
471 1519 599 1554 eodem
625 1519 695 1564 joci
721 1532 871 1568 genere,
913 1533 985 1567 quo
1010 1525 1166 1558 inertiam
1201 1519 1245 1554 ab
1285 1518 1330 1552 eo'
1364 1516 1542 1563 appellari

235 1592 414 1627 strenuam,
439 1588 476 1617 et
501 1582 681 1630 quandam
705 1589 898 1632 sapientiam
922 1585 993 1622 diei
1018 1589 1235 1633 insipientem,
1276 1593 1344 1616 nec
1373 1592 1446 1615 non
1470 1594 1546 1618 con-

235 1650 362 1684 cordem
387 1644 511 1681 vocari
537 1647 714 1682 discordem
738 1646 913 1692 videmus,
950 1655 985 1683 et
1010 1648 1039 1683 si
1064 1648 1162 1696 quod
1188 1654 1240 1682 est
1263 1645 1362 1686 aliud
1386 1644 1543 1689 dictum,

236 1707 334 1755 quod
360 1719 574 1754 oxymorum
598 1707 849 1745 nominetur.“
897 1710 950 1745 Ita
973 1711 1031 1745 vir
1056 1710 1330 1754 eruditissimus,
1356 1707 1417 1756 qui
1437 1707 1466 1742 si
1488 1718 1546 1743 ve-

235 1782 318 1805 rum
342 1782 417 1805 non
440 1769 552 1813 vidit,
592 1776 692 1804 certe
717 1770 811 1805 viam
836 1766 881 1806 ad
905 1772 942 1806 id
959 1772 1217 1809 inveniendum
1236 1758 1405 1808 muniisse
1427 1770 1545 1806 dicen-

219 1833 303 1882 Kdus
329 1840 392 1868 est.
445 1833 630 1880 Significat
653 1840 775 1869 autem
795 1837 980 1882 pervidere,
1015 1842 1057 1871 ut
1089 1841 1191 1870 recte
1225 1834 1422 1871 secundum
1455 1832 1546 1869 alios

222 1887 362 1931 ¹monet
386 1897 596 1946 Bentlejus‚
634 1905 728 1934 acute
753 1906 785 1934 et
804 1902 970 1947 perspicue
994 1907 1026 1936 et
1046 1903 1176 1945 penitus
1198 1913 1267 1934 rem
1290 1900 1403 1935 videre
1418 1911 1433 1942 5
1469 1908 1544 1944 quo

237 1956 370 2005 posito,
405 1957 435 1991 si
460 1957 619 2004 genuina
643 1958 689 1993 sit
712 1958 779 1995 ista
804 1960 913 1996 lectio
939 1961 1034 2009 apud
1057 1962 1253 2006 Nostrum,
1288 1959 1447 2003 dubitari
1471 1971 1546 1995 non

235 2027 367 2068 potest,
394 2021 483 2068 quin
507 2025 566 2057 vel
586 2035 799 2069 oxymorum
816 2026 1060 2073 usurpaverit,
1085 2028 1144 2061 vel
1163 2025 1303 2061 ironice
1323 2025 1367 2059 sit
1390 2026 1543 2060 locutus.

241 2084 359 2132 Quam
384 2086 562 2120 rationem
588 2087 710 2122 nescio
735 2100 809 2134 quo
834 2087 943 2123 m’odo
959 2087 1086 2124 Heind.
1103 2087 1250 2123 omnino
1266 2087 1398 2133 rejicit,
1425 2080 1544 2136 neque

238 2147 393 2182 Gesneri
418 2147 569 2194 probat,
596 2149 710 2183 verbo
733 2154 903 2196 pervidere
929 2142 1151 2186 voluntatem
1173 2158 1310 2186 tantum
1330 2150 1546 2197 pervidendi

237 2211 355 2246 inesse
380 2211 624 2247 existimantis.
645 2255 648 2258 Α
674 2213 782 2248 Putat
806 2214 919 2261 igitur
931 2236 955 2264 ,f
978 2213 1112 2250 dictum
1137 2215 1207 2250 hoc
1232 2216 1312 2251 loco
1338 2225 1413 2248 esse
1433 2219 1564 2262 pervi·'

201 2280 203 2283 '
239 2278 314 2312 dere
337 2287 406 2322 pro
432 2287 488 2320 eo7
516 2276 614 2323 quod
640 2262 692 2310 est
713 2281 917 2322 perlustrare.
966 2277 1038 2312 Sed
1063 2288 1145 2318 eum
1162 2290 1268 2319 usum
1285 2276 1459 2323 exemplis
1475 2277 1547 2312 vel-

237 2339 310 2373 lem
333 2339 518 2373 firmasset.
570 2338 678 2385 Quod
701 2339 786 2381 dum
811 2340 857 2374 ab
882 2339 1006 2387 aliquo
1029 2339 1101 2384 fiat,
1128 2352 1210 2375 cum
1231 2339 1300 2387 ipsi
1320 2338 1391 2384 Jath
1410 2338 1455 2373 ad
1467 2340 1545 2386 plu-

235 2414 296 2437 res
321 2402 526 2437 abeundum
549 2400 673 2447 fuerit,
700 2402 771 2438 alia
794 2403 898 2438 nohis
922 2402 1099 2446 medicina
1119 2390 1443 2449 circumspicienda
1462 2399 1543 2444 erit.

338 2486 436 2526 sseb'at
466 2489 514 2520 vir
549 2489 678 2524 doctus,
718 2490 890 2527 legendum
926 2499 1008 2521 esse:
1063 2490 1159 2521 Cum
1187 2495 1259 2519 tua
1286 2496 1365 2524 per
1394 2487 1545 2517 'videas

349 2544 500 2573 oculos
531 2543 638 2573 mala
665 2541 812 2582 lippu's
839 2545 1066 2576 inunctos?
1116 2543 1304 2584 Quanquam
1337 2539 1439 2573 stiam-
1465 2542 1545 2572 haec

349 2599 509 2636 medicina
531 2599 713 2632 violentior.
1433 2598 1492 2628 Bo.
